1537327132,6343.130000000000,0.033826180000
1537327132,6343.130000000000,0.026457910000
1537327132,6343.130000000000,0.025373790000
1537327133,6343.140000000000,0.051287440000
1537327134,6343.140000000000,0.073311460000
1537327136,6343.140000000000,0.004080090000
1537327137,6343.140000000000,0.019000000000
1537327139,6343.130000000000,0.073400000000
1537327140,6343.130000000000,0.096650290000
1537327144,6343.130000000000,0.090787890000
1537327148,6343.140000000000,0.010576580000
1537327150,6343.140000000000,0.116300000000
1537327158,6343.140000000000,0.072406340000
1537327160,6343.140000000000,0.027923770000
1537327161,6343.130000000000,0.057356400000
1537327161,6343.130000000000,0.056600000000
1537327162,6343.140000000000,0.003687930000
1537327162,6343.130000000000,0.538706510000
1537327163,6343.140000000000,0.007531150000
1537327163,6343.140000000000,0.001301990000
1537327163,6343.140000000000,0.015084260000
1537327164,6343.140000000000,0.028207700000
1537327173,6343.130000000000,0.051600000000
1537327184,6343.130000000000,0.050000000000
1537327186,6343.140000000000,0.015084260000
1537327187,6343.140000000000,0.007531150000
1537327188,6343.140000000000,0.003137330000
1537327193,6343.140000000000,0.007809430000
1537327193,6343.140000000000,0.003687930000
1537327194,6343.130000000000,0.007922150000
1537327202,6343.140000000000,0.157179090000
1537327203,6343.140000000000,0.002903600000
1537327206,6343.140000000000,0.001413370000
1537327213,6343.140000000000,0.007531150000
1537327218,6343.140000000000,0.008158620000
1537327219,6343.140000000000,0.003137330000
1537327220,6343.140000000000,0.150847340000
1537327221,6343.140000000000,0.008001750000
1537327224,6343.140000000000,0.001413370000
1537327229,6343.130000000000,0.150300000000
1537327234,6343.140000000000,0.007531150000
1537327238,6343.140000000000,0.015084260000
1537327242,6343.130000000000,0.015100000000
1537327244,6343.130000000000,0.016000000000
1537327246,6343.130000000000,0.200000000000
1537327249,6343.130000000000,0.528329970000
1537327249,6343.130000000000,0.015415090000
1537327249,6343.130000000000,0.034612830000
1537327249,6343.130000000000,0.033833780000
1537327249,6343.130000000000,0.034659000000
1537327249,6343.130000000000,0.014285710000
1537327249,6343.000000000000,0.055484940000
1537327249,6343.000000000000,1.000000000000
1537327249,6342.750000000000,0.001000000000
1537327249,6342.720000000000,0.001000000000
1537327249,6341.840000000000,0.030664010000
1537327249,6341.820000000000,0.015768340000
1537327249,6341.780000000000,0.185686480000
1537327249,6341.770000000000,0.001000000000
1537327250,6341.730000000000,0.006209000000
1537327250,6341.110000000000,0.020509580000
1537327250,6341.000000000000,1.000000000000
1537327250,6340.830000000000,0.015770810000
1537327250,6340.820000000000,0.001000000000
1537327252,6340.650000000000,0.007862040000
1537327262,6340.640000000000,0.003967910000
1537327262,6340.000000000000,0.075253640000
1537327264,6340.010000000000,0.002300000000
1537327267,6340.010000000000,0.023069970000
1537327271,6340.010000000000,0.007531150000
1537327273,6340.010000000000,0.018111310000
1537327273,6340.010000000000,0.046369680000
1537327274,6340.010000000000,0.433305970000
1537327274,6340.000000000000,0.003610720000
1537327274,6340.000000000000,0.001204750000
1537327274,6340.000000000000,0.031618930000
1537327274,6339.380000000000,0.001067970000
1537327274,6339.360000000000,0.006429090000
1537327274,6339.360000000000,0.006429090000
1537327274,6339.360000000000,0.011968900000
1537327274,6339.330000000000,0.001000000000
1537327274,6338.920000000000,0.001000000000
1537327274,6338.330000000000,0.200000000000
1537327274,6337.660000000000,0.015778700000
1537327274,6337.510000000000,0.001000000000
1537327274,6337.500000000000,0.002000000000
1537327274,6337.420000000000,0.001000000000
1537327274,6337.210000000000,0.001000000000
1537327274,6337.120000000000,0.148291850000
1537327277,6337.130000000000,0.007848760000
1537327287,6337.130000000000,0.110000000000
1537327287,6337.130000000000,0.039463320000
1537327290,6337.130000000000,0.007224260000
1537327292,6337.130000000000,0.070603270000
1537327292,6337.130000000000,0.008389000000
1537327292,6337.130000000000,0.356007730000
1537327296,6337.130000000000,0.023082780000
1537327302,6337.120000000000,0.050843110000
1537327302,6337.130000000000,0.006753220000
1537327305,6337.120000000000,0.007300000000
1537327306,6337.130000000000,0.078471800000
1537327311,6337.130000000000,0.011306650000
1537327316,6337.120000000000,0.031718670000
1537327324,6337.130000000000,0.007538290000
1537327329,6337.120000000000,0.023695070000
1537327330,6337.130000000000,0.154710080000
1537327331,6337.130000000000,0.002906350000
1537327332,6337.120000000000,0.040025130000
1537327333,6337.120000000000,0.015107040000
1537327337,6337.120000000000,0.156967770000
1537327339,6337.120000000000,0.063120160000
1537327341,6337.130000000000,0.049071920000
1537327347,6337.130000000000,0.075495980000
1537327360,6337.130000000000,0.004397990000
1537327362,6337.130000000000,0.075495980000
1537327368,6337.130000000000,0.071719770000
1537327371,6337.130000000000,0.003691420000
1537327375,6337.130000000000,0.036700000000
1537327386,6337.130000000000,0.004082390000
1537327388,6337.120000000000,0.003342110000
1537327388,6337.120000000000,0.005424120000
1537327388,6337.120000000000,0.031233770000
1537327397,6337.130000000000,0.034728590000
1537327398,6337.130000000000,0.015098570000
1537327398,6337.130000000000,0.002906350000
1537327398,6337.120000000000,0.015100000000
1537327400,6337.130000000000,0.009893520000
1537327401,6337.130000000000,0.001807240000
1537327403,6337.120000000000,0.011735910000
1537327403,6337.130000000000,0.017061260000
1537327405,6337.130000000000,0.007538290000
1537327408,6337.130000000000,0.001570150000
1537327409,6337.120000000000,0.002400000000
1537327415,6337.130000000000,0.003691420000
1537327416,6337.130000000000,0.057376440000
1537327421,6337.120000000000,0.008000000000
1537327424,6337.120000000000,0.040000000000
1537327424,6337.130000000000,0.002906350000
1537327428,6337.120000000000,0.007929670000
1537327432,6337.130000000000,0.032700000000
1537327433,6337.120000000000,0.032000000000
1537327437,6337.130000000000,0.015732810000
1537327441,6337.130000000000,0.010521580000
1537327442,6337.130000000000,0.007538290000
1537327442,6337.130000000000,0.001493210000
1537327444,6337.130000000000,0.032700000000
1537327446,6337.130000000000,0.005968140000
1537327449,6337.120000000000,0.159381560000
1537327450,6337.130000000000,0.007538290000
1537327454,6337.130000000000,0.003691420000
1537327459,6337.130000000000,0.003691420000
1537327469,6337.130000000000,0.005183070000
1537327470,6337.130000000000,0.024158340000
1537327472,6337.130000000000,0.098143840000
1537327475,6337.130000000000,0.030198710000
1537327478,6337.120000000000,0.030200000000
1537327483,6337.130000000000,0.006753220000
1537327485,6337.130000000000,0.003220380000
1537327486,6337.120000000000,0.243059190000
1537327487,6337.120000000000,0.047273510000
1537327489,6337.130000000000,0.004397990000
1537327490,6337.120000000000,0.004400000000
1537327493,6337.130000000000,0.043497890000
1537327497,6337.120000000000,0.001936420000
1537327498,6337.130000000000,0.009736500000
1537327502,6337.120000000000,0.009119120000
1537327502,6337.130000000000,0.004400000000
1537327506,6337.130000000000,0.004170320000
1537327507,6337.130000000000,0.027932980000
1537327507,6337.130000000000,0.006439190000
1537327509,6337.130000000000,0.226486380000
1537327510,6337.120000000000,0.032199210000
1537327513,6337.120000000000,0.034400000000
1537327521,6337.130000000000,0.006439190000
1537327522,6337.120000000000,0.146698850000
1537327526,6337.120000000000,0.017375490000
1537327531,6337.130000000000,0.144653270000
1537327532,6337.130000000000,0.022647850000
1537327533,6337.120000000000,0.002552330000
1537327536,6337.120000000000,0.022600000000
1537327536,6337.130000000000,0.009265460000
1537327537,6337.130000000000,0.018119540000
1537327541,6337.130000000000,0.309420170000
1537327544,6337.130000000000,0.003848440000
1537327552,6337.130000000000,0.045297280000
1537327554,6337.130000000000,0.150990400000
1537327557,6337.130000000000,0.004397990000
1537327560,6337.120000000000,0.100404970000
1537327560,6337.120000000000,0.030363940000
1537327560,6337.120000000000,0.020231090000
1537327561,6337.130000000000,0.006439190000
1537327563,6337.130000000000,0.002906350000
1537327565,6337.130000000000,0.002906350000
1537327568,6337.130000000000,0.013398170000
1537327571,6337.130000000000,0.122916950000
1537327571,6337.130000000000,0.314955670000
1537327572,6337.120000000000,0.136672580000
1537327572,6337.120000000000,0.016300000000
1537327576,6337.130000000000,0.032489560000
1537327578,6337.130000000000,0.033038910000
1537327582,6337.120000000000,0.078997900000
1537327585,6337.130000000000,0.015098570000
1537327585,6337.130000000000,0.024158340000
1537327586,6337.130000000000,0.012834410000
1537327588,6337.130000000000,0.013398170000
1537327590,6337.130000000000,0.061885580000
1537327590,6337.130000000000,0.007250460000
1537327595,6337.120000000000,0.036800000000
1537327595,6337.130000000000,0.007660000000
1537327599,6337.120000000000,0.010250750000
1537327603,6337.130000000000,0.019157410000
1537327606,6337.120000000000,0.003400000000
1537327609,6337.130000000000,0.001000000000
1537327609,6337.120000000000,0.003964830000
1537327611,6337.120000000000,0.001268750000
1537327616,6337.130000000000,0.042277880000
1537327622,6337.130000000000,0.008951430000
1537327625,6337.130000000000,0.004397990000
1537327626,6337.130000000000,0.005886490000
1537327628,6337.120000000000,0.079296680000
1537327630,6337.120000000000,0.005700000000
1537327630,6337.130000000000,0.013398100000
1537327633,6337.130000000000,0.002355230000
1537327633,6337.130000000000,0.045297280000
1537327640,6337.130000000000,0.013818900000
1537327642,6337.130000000000,0.029500000000
1537327644,6337.130000000000,0.286285220000
1537327644,6337.130000000000,0.001656690000
1537327644,6337.130000000000,0.058648930000
1537327644,6337.130000000000,0.001000000000
1537327644,6337.130000000000,0.044462650000
1537327644,6337.130000000000,0.800000000000
1537327644,6337.130000000000,0.030000000000
1537327644,6337.130000000000,0.001183090000
1537327644,6337.130000000000,0.002919220000
1537327644,6337.130000000000,0.001183290000
1537327644,6337.130000000000,0.001656790000
1537327644,6337.130000000000,0.001498890000
1537327644,6337.130000000000,0.296377530000
1537327644,6337.130000000000,0.075135680000
1537327644,6337.130000000000,1.136356730000
1537327646,6337.130000000000,0.002919050000
1537327646,6337.130000000000,0.002445890000
1537327646,6337.130000000000,0.002919240000
1537327646,6337.130000000000,0.000510230000
1537327649,6337.130000000000,0.002566640000
1537327649,6337.130000000000,0.002919210000
1537327649,6337.130000000000,0.002287900000
1537327649,6337.130000000000,0.002445550000
1537327649,6337.130000000000,0.001183220000
1537327649,6337.130000000000,0.001183040000
1537327649,6337.130000000000,0.001341140000
1537327649,6337.130000000000,0.005759530000
1537327649,6337.130000000000,0.001183310000
1537327649,6337.130000000000,0.002445530000
1537327649,6337.130000000000,0.001183200000
1537327649,6337.130000000000,0.034000000000
1537327649,6337.130000000000,0.142903450000
1537327650,6337.130000000000,0.021664430000
1537327650,6337.130000000000,0.051000000000
1537327654,6337.130000000000,0.122164550000
1537327655,6337.120000000000,0.052500000000
1537327656,6337.130000000000,0.004397990000
1537327660,6337.130000000000,0.031387190000
1537327662,6337.130000000000,0.008951430000
1537327664,6337.130000000000,0.046052520000
1537327664,6337.130000000000,0.077355040000
1537327667,6337.130000000000,0.018300000000
1537327668,6337.130000000000,0.002906350000
1537327670,6337.120000000000,0.007216000000
1537327674,6337.130000000000,0.015098570000
1537327675,6337.120000000000,0.548143080000
1537327675,6337.120000000000,0.031162990000
1537327675,6337.120000000000,0.053759580000
1537327677,6337.130000000000,0.028539600000
1537327677,6337.130000000000,0.033640680000
1537327678,6337.120000000000,0.012000000000
1537327681,6337.120000000000,0.001578000000
1537327682,6337.130000000000,0.015098570000
1537327682,6337.120000000000,0.033983380000
1537327684,6337.130000000000,0.031403010000
1537327686,6337.120000000000,0.004684850000
1537327691,6337.120000000000,0.087900000000
1537327695,6337.130000000000,0.007538290000
1537327712,6337.130000000000,0.001000000000
1537327712,6337.130000000000,0.001972130000
1537327712,6337.130000000000,0.001739890000
1537327713,6337.130000000000,0.000074340000
1537327713,6337.130000000000,0.003076700000
1537327713,6337.130000000000,0.002445720000
1537327713,6337.130000000000,0.002761420000
1537327713,6337.130000000000,0.001183360000
1537327713,6337.130000000000,0.003077060000
1537327713,6337.130000000000,0.001814610000
1537327713,6337.130000000000,0.001183060000
1537327713,6337.130000000000,0.000400840000
1537327716,6337.130000000000,0.002906350000
1537327717,6337.130000000000,0.006596200000
1537327718,6337.120000000000,0.034097570000
1537327720,6337.130000000000,0.003220380000
1537327723,6337.130000000000,0.015098570000
1537327724,6337.130000000000,0.026876270000
1537327725,6337.130000000000,0.017500000000
1537327726,6337.130000000000,0.010475000000
1537327726,6337.130000000000,0.016926390000
1537327726,6337.130000000000,0.001000000000
1537327726,6337.130000000000,0.001183230000
1537327726,6337.130000000000,0.002603520000
1537327726,6337.130000000000,0.001690350000
1537327728,6337.130000000000,0.000597370000
1537327728,6337.130000000000,0.002603630000
1537327728,6337.130000000000,0.002129970000
1537327728,6337.130000000000,0.001183240000
1537327728,6337.130000000000,0.008717820000
1537327737,6337.130000000000,0.001414710000
1537327737,6337.120000000000,0.008500000000
1537327743,6337.120000000000,0.157998210000
1537327743,6337.120000000000,0.007018180000
1537327744,6337.130000000000,0.005968140000
1537327747,6337.130000000000,0.003140300000
1537327749,6337.130000000000,0.022647850000
1537327749,6337.120000000000,0.022600000000
1537327753,6337.120000000000,0.002387050000
1537327753,6337.120000000000,0.032894270000
1537327753,6337.120000000000,0.014285710000
1537327753,6337.120000000000,0.015333510000
1537327753,6337.120000000000,0.032966560000
1537327753,6337.120000000000,0.033936170000
1537327753,6337.120000000000,0.034964540000
1537327753,6337.120000000000,0.000817510000
1537327760,6337.130000000000,0.022600000000
1537327764,6337.130000000000,0.002906350000
1537327765,6337.130000000000,0.002121270000
1537327766,6337.130000000000,0.002906350000
1537327770,6337.130000000000,0.015232030000
1537327771,6337.120000000000,0.003314000000
1537327771,6337.120000000000,0.001686000000
1537327773,6337.130000000000,0.150990400000
1537327775,6337.130000000000,0.021894180000
1537327779,6337.130000000000,0.030933540000
1537327784,6337.120000000000,0.003314000000
1537327784,6337.120000000000,0.003314000000
1537327784,6337.120000000000,0.003314000000
1537327784,6337.120000000000,0.003314000000
1537327784,6337.120000000000,0.003314000000
1537327784,6337.120000000000,0.003314000000
1537327784,6337.120000000000,0.002016000000
1537327789,6337.120000000000,0.001298000000
1537327789,6337.120000000000,0.003314000000
1537327789,6337.120000000000,0.020741390000
1537327790,6337.120000000000,0.014122630000
1537327790,6337.120000000000,0.003314000000
1537327790,6337.120000000000,0.003314000000
1537327790,6337.120000000000,0.003314000000
1537327790,6337.120000000000,0.003314000000
1537327790,6337.120000000000,0.003314000000
1537327790,6337.120000000000,0.001819010000
1537327792,6337.120000000000,0.001494990000
1537327792,6337.120000000000,0.003314000000
1537327792,6337.120000000000,0.003314000000
1537327792,6337.120000000000,0.003314000000
1537327792,6337.120000000000,0.003314000000
1537327792,6337.120000000000,0.003314000000
1537327793,6336.000000000000,0.018950830000
1537327797,6336.000000000000,0.010000000000
1537327798,6336.010000000000,0.007538290000
1537327803,6336.000000000000,0.050000000000
1537327806,6336.010000000000,0.045297280000
1537327808,6336.010000000000,0.002906860000
1537327809,6336.010000000000,0.059440000000
1537327810,6336.010000000000,0.030933540000
1537327816,6336.000000000000,0.002425320000
1537327816,6336.010000000000,0.181221130000
1537327824,6336.010000000000,0.016019940000
1537327827,6336.000000000000,0.533100430000
1537327827,6336.000000000000,0.356120770000
1537327827,6336.000000000000,0.002110240000
1537327827,6336.000000000000,0.003788000000
1537327827,6336.000000000000,0.003788000000
1537327827,6336.000000000000,0.003788000000
1537327827,6336.000000000000,0.003788000000
1537327827,6336.000000000000,0.003788000000
1537327827,6336.000000000000,0.003788000000
1537327827,6336.000000000000,0.003788000000
1537327827,6336.000000000000,0.029097680000
1537327827,6336.000000000000,0.003788000000
1537327827,6336.000000000000,0.014285710000
1537327827,6336.000000000000,0.003788000000
1537327827,6335.990000000000,0.020982000000
1537327827,6335.660000000000,0.001000000000
1537327827,6335.480000000000,0.015784120000
1537327834,6335.000000000000,0.031412780000
1537327834,6335.000000000000,0.001064630000
1537327834,6335.000000000000,0.004262000000
1537327834,6334.940000000000,0.001000000000
1537327834,6334.490000000000,0.015786590000
1537327834,6334.320000000000,0.001000000000
1537327834,6333.590000000000,0.036320100000
1537327837,6333.590000000000,0.012836680000
1537327838,6333.590000000000,0.010000000000
1537327838,6333.600000000000,0.015856610000
1537327842,6333.600000000000,0.001000000000
1537327842,6333.600000000000,0.031420560000
1537327845,6333.590000000000,0.031800000000
1537327846,6333.600000000000,0.012841580000
1537327850,6333.600000000000,0.035502100000
1537327855,6333.600000000000,0.022660480000
1537327855,6333.600000000000,0.002593760000
1537327856,6333.590000000000,0.031000000000
1537327856,6333.600000000000,0.003693480000
1537327858,6333.600000000000,0.007071190000
1537327859,6333.600000000000,0.004400440000
1537327863,6333.600000000000,0.002121650000
1537327868,6333.600000000000,0.025200000000
1537327872,6333.600000000000,0.018129640000
1537327878,6333.600000000000,0.016946580000
1537327878,6333.600000000000,0.010748220000
1537327880,6333.590000000000,0.018100000000
1537327881,6333.600000000000,0.001651150000
1537327882,6333.590000000000,0.004441500000
1537327884,6333.600000000000,0.075538060000
1537327888,6333.600000000000,0.018129640000
1537327888,6333.600000000000,0.007542490000
1537327889,6333.600000000000,0.015106980000
1537327892,6333.590000000000,0.031400000000
1537327893,6333.600000000000,0.001000000000
1537327896,6333.590000000000,0.027491050000
1537327902,6333.600000000000,0.015561010000
1537327905,6333.600000000000,0.075538060000
1537327907,6333.600000000000,0.030950780000
1537327910,6333.600000000000,0.003693480000
1537327916,6333.600000000000,0.013931860000
1537327917,6333.600000000000,0.022660480000
1537327923,6333.590000000000,0.016997510000
1537327924,6333.590000000000,0.403051640000
1537327927,6333.590000000000,0.002542560000
1537327927,6333.590000000000,0.011257440000
1537327928,6333.600000000000,0.005185960000
1537327931,6333.600000000000,0.003222170000
1537327934,6333.600000000000,0.619185240000
1537327936,6333.600000000000,0.004400440000
1537327937,6333.600000000000,0.007542490000
1537327938,6333.600000000000,0.120859010000
1537327940,6333.590000000000,0.005200000000
1537327947,6333.600000000000,0.026740430000
1537327949,6333.600000000000,0.001571030000
1537327951,6333.600000000000,0.001415490000
1537327953,6333.600000000000,0.015106980000
1537327953,6333.590000000000,0.136000000000
1537327954,6333.600000000000,0.145580070000
1537327954,6333.600000000000,0.029666280000
1537327958,6333.600000000000,0.024927470000
1537327962,6333.600000000000,0.022509660000
1537327963,6333.600000000000,0.002122460000
1537327964,6333.600000000000,0.005185960000
1537327965,6333.600000000000,0.030950780000
1537327966,6333.600000000000,0.007542490000
1537327967,6333.600000000000,0.014900000000
1537327968,6333.590000000000,0.108235540000
1537327968,6333.590000000000,0.027733850000
1537327968,6333.590000000000,0.005210000000
1537327968,6333.590000000000,0.005210000000
1537327968,6333.590000000000,0.005210000000
1537327968,6333.590000000000,0.005210000000
1537327968,6333.590000000000,0.005210000000
1537327968,6333.590000000000,0.005210000000
1537327968,6333.590000000000,0.005210000000
1537327968,6333.590000000000,0.005210000000
1537327968,6333.590000000000,0.028690180000
1537327968,6333.590000000000,0.005210000000
1537327968,6333.590000000000,0.005210000000
1537327968,6333.590000000000,0.005210000000
1537327968,6333.590000000000,0.005210000000
1537327968,6333.590000000000,0.005210000000
1537327968,6333.590000000000,0.005210000000
1537327968,6333.590000000000,0.005210000000
1537327968,6333.590000000000,0.005210000000
1537327968,6333.590000000000,0.005210000000
1537327968,6333.590000000000,0.005210000000
1537327968,6333.590000000000,0.004737000000
1537327968,6333.590000000000,0.004737000000
1537327968,6333.590000000000,0.004737000000
1537327968,6333.590000000000,0.004737000000
1537327968,6333.590000000000,0.004737000000
1537327968,6333.590000000000,0.004737000000
1537327968,6333.590000000000,0.004737000000
1537327969,6333.580000000000,0.006434960000
1537327969,6333.580000000000,0.001428270000
1537327969,6333.580000000000,0.100000000000
1537327969,6333.300000000000,0.001000000000
1537327969,6333.060000000000,0.001000000000
1537327969,6333.060000000000,0.001000000000
1537327969,6332.970000000000,0.001000000000
1537327969,6332.460000000000,0.001000000000
1537327969,6332.330000000000,0.001000000000
1537327969,6332.000000000000,1.000000000000
1537327969,6331.460000000000,0.001000000000
1537327969,6331.320000000000,0.015794490000
1537327969,6331.160000000000,0.002000000000
1537327969,6331.160000000000,0.002436700000
1537327969,6331.000000000000,0.150000000000
1537327976,6330.210000000000,0.170275630000
1537327978,6330.210000000000,0.021000000000
1537327979,6330.210000000000,0.008642210000
1537327979,6330.200000000000,0.001000000000
1537327979,6330.200000000000,0.007700000000
1537327989,6330.210000000000,0.007546530000
1537327989,6330.210000000000,0.001416250000
1537327991,6330.210000000000,0.001652030000
1537327992,6330.210000000000,0.007546530000
1537327992,6330.210000000000,0.001100000000
1537327992,6330.210000000000,0.001259070000
1537327993,6330.210000000000,0.003695460000
1537327995,6330.210000000000,0.004402800000
1537327999,6330.210000000000,0.015718670000
1537328001,6330.210000000000,0.173829640000
1537328001,6330.210000000000,0.080464030000
1537328004,6330.210000000000,0.154879210000
1537328004,6330.210000000000,0.150000000000
1537328004,6330.200000000000,0.297300000000
1537328006,6330.210000000000,0.002909530000
1537328007,6330.210000000000,0.003223900000
1537328018,6330.210000000000,0.093866570000
1537328018,6330.610000000000,0.001000000000
1537328018,6331.490000000000,0.010000000000
1537328018,6331.530000000000,0.001000000000
1537328018,6331.930000000000,0.199033430000
1537328018,6331.930000000000,0.030950780000
1537328020,6331.930000000000,0.006760600000
1537328021,6331.930000000000,0.090693590000
1537328021,6331.930000000000,0.005974670000
1537328022,6331.930000000000,0.013398170000
1537328022,6331.920000000000,0.310785870000
1537328027,6331.930000000000,0.075578510000
1537328029,6331.930000000000,0.015115070000
1537328029,6331.930000000000,0.015248680000
1537328030,6331.920000000000,0.106000000000
1537328033,6331.930000000000,0.003096040000
1537328034,6331.930000000000,0.016030260000
1537328038,6331.930000000000,0.099736160000
1537328043,6331.930000000000,0.128985380000
1537328052,6332.730000000000,0.001000000000
1537328052,6332.730000000000,0.014805870000
1537328052,6332.730000000000,0.100000000000
1537328057,6332.730000000000,0.083102970000
1537328065,6332.730000000000,0.003928100000
1537328066,6332.730000000000,0.013100000000
1537328067,6333.000000000000,0.020200000000
1537328067,6333.000000000000,0.062902970000
1537328070,6333.000000000000,0.001415690000
1537328077,6333.000000000000,0.068700000000
1537328081,6333.000000000000,0.015241960000
1537328081,6333.000000000000,0.051739380000
1537328081,6333.520000000000,0.023805840000
1537328083,6333.520000000000,0.076630900000
1537328089,6333.520000000000,0.010000000000
1537328091,6333.520000000000,0.007997460000
1537328093,6333.520000000000,0.019338000000
1537328095,6333.520000000000,0.015241960000
1537328098,6333.520000000000,0.007542590000
1537328099,6333.510000000000,0.062828060000
1537328100,6333.520000000000,0.002436690000
1537328100,6333.510000000000,0.217600000000
1537328102,6333.510000000000,0.007671570000
1537328102,6333.510000000000,0.009105610000
1537328104,6333.520000000000,0.015107170000
1537328106,6333.520000000000,0.007385490000
1537328115,6333.510000000000,0.104221900000
1537328120,6333.520000000000,0.001415510000
1537328126,6333.510000000000,0.007800000000
1537328126,6333.520000000000,0.001965380000
1537328127,6333.520000000000,0.015107170000
1537328128,6333.520000000000,0.015107170000
1537328134,6333.520000000000,0.052876680000
1537328139,6333.510000000000,0.009793960000
1537328140,6333.520000000000,0.003693530000
1537328146,6333.520000000000,0.002908010000
1537328148,6333.520000000000,0.030215920000
1537328148,6333.510000000000,0.030000000000
1537328152,6333.520000000000,0.014049860000
1537328157,6333.520000000000,0.022660760000
1537328159,6333.520000000000,0.041800000000
1537328161,6333.520000000000,0.023095940000
1537328167,6333.520000000000,0.075539010000
1537328172,6333.520000000000,0.024100000000
1537328173,6333.520000000000,0.003693530000
1537328175,6333.520000000000,0.003693530000
1537328176,6333.520000000000,0.007847370000
1537328178,6333.520000000000,0.015107170000
1537328182,6333.520000000000,0.006285750000
1537328183,6333.510000000000,0.020600000000
1537328185,6333.520000000000,0.024172110000
1537328191,6333.520000000000,0.050000000000
1537328194,6333.520000000000,0.007200000000
1537328195,6333.510000000000,0.018569170000
1537328197,6333.520000000000,0.077399130000
1537328198,6333.510000000000,0.785595950000
1537328198,6333.510000000000,0.083096750000
1537328198,6333.510000000000,0.014285710000
1537328198,6333.510000000000,0.003789000000
1537328198,6333.510000000000,0.003789000000
1537328198,6333.510000000000,0.003316000000
1537328198,6333.510000000000,0.003316000000
1537328198,6333.510000000000,0.003316000000
1537328198,6333.510000000000,0.003316000000
1537328198,6333.510000000000,0.003316000000
1537328198,6333.510000000000,0.003316000000
1537328198,6333.510000000000,0.003316000000
1537328198,6333.510000000000,0.030969330000
1537328198,6333.510000000000,0.003316000000
1537328198,6333.510000000000,0.003316000000
1537328198,6333.510000000000,0.001464750000
1537328198,6333.510000000000,0.001851250000
1537328198,6333.510000000000,0.003316000000
1537328198,6333.510000000000,0.003316000000
1537328198,6333.510000000000,0.003316000000
1537328198,6333.510000000000,0.003316000000
1537328198,6333.510000000000,0.003316000000
1537328198,6333.510000000000,0.003316000000
1537328198,6333.510000000000,0.003316000000
1537328198,6333.510000000000,0.003316000000
1537328198,6333.500000000000,0.001000000000
1537328198,6333.500000000000,0.100000000000
1537328198,6333.300000000000,0.001000000000
1537328198,6332.530000000000,0.001000000000
1537328198,6331.390000000000,0.200000000000
1537328198,6331.330000000000,0.001000000000
1537328198,6331.000000000000,0.200000000000
1537328202,6330.210000000000,0.015750010000
1537328202,6330.210000000000,0.026439130000
1537328202,6330.210000000000,0.290587760000
1537328204,6330.210000000000,0.009670000000
1537328206,6330.210000000000,1.547981080000
1537328208,6330.200000000000,0.001000000000
1537328208,6330.200000000000,0.004394450000
1537328208,6330.200000000000,0.005687000000
1537328208,6330.200000000000,0.005687000000
1537328208,6330.200000000000,0.200000000000
1537328208,6330.200000000000,0.005213000000
1537328208,6330.190000000000,0.100000000000
1537328208,6330.100000000000,0.001066610000
1537328208,6330.050000000000,0.200000000000
1537328208,6330.000000000000,0.001000000000
1537328208,6330.000000000000,0.050000000000
1537328208,6329.940000000000,0.001000000000
1537328211,6329.210000000000,0.100619190000
1537328215,6329.200000000000,0.613412640000
1537328217,6329.210000000000,0.015115070000
1537328229,6329.200000000000,0.015100000000
1537328229,6329.210000000000,0.011320800000
1537328232,6329.210000000000,0.002123930000
1537328236,6329.210000000000,0.077451840000
1537328241,6329.210000000000,0.015251090000
1537328241,6329.200000000000,0.015300000000
1537328242,6329.200000000000,0.031000100000
1537328243,6329.210000000000,0.001023450000
1537328244,6329.200000000000,0.096545420000
1537328244,6329.210000000000,0.048020270000
1537328252,6329.210000000000,0.015300000000
1537328253,6329.210000000000,0.001416480000
1537328256,6329.210000000000,0.030236500000
1537328257,6329.210000000000,0.309807360000
1537328262,6329.200000000000,0.168790140000
1537328270,6329.210000000000,0.008360930000
1537328270,6329.210000000000,0.015873650000
1537328271,6329.210000000000,0.002438350000
1537328273,6329.210000000000,0.037795230000
1537328277,6329.210000000000,0.003224410000
1537328281,6329.210000000000,0.003696040000
1537328286,6329.210000000000,0.022676190000
1537328287,6329.200000000000,0.003400000000
1537328291,6329.210000000000,0.016629840000
1537328293,6329.210000000000,0.154903680000
1537328294,6329.200000000000,0.056451700000
1537328294,6329.200000000000,0.143715600000
1537328295,6329.200000000000,0.158029610000
1537328297,6329.210000000000,0.023111670000
1537328299,6329.210000000000,0.015752500000
1537328299,6329.210000000000,0.100000000000
1537328300,6329.200000000000,0.005081340000
1537328306,6329.200000000000,0.013464640000
1537328306,6329.210000000000,0.015721150000
1537328308,6329.210000000000,0.015117460000
1537328309,6329.210000000000,0.030951170000
1537328310,6329.200000000000,0.479708810000
1537328310,6329.200000000000,1.300000000000
1537328310,6329.200000000000,0.001887190000
1537328310,6329.200000000000,0.200000000000
1537328310,6329.200000000000,0.024458800000
1537328310,6329.200000000000,0.020439620000
1537328310,6329.200000000000,0.006162000000
1537328310,6329.200000000000,0.006162000000
1537328310,6329.200000000000,0.006162000000
1537328310,6329.200000000000,0.006162000000
1537328310,6329.200000000000,0.006162000000
1537328310,6329.200000000000,0.005688000000
1537328310,6329.200000000000,0.005688000000
1537328310,6329.200000000000,0.005688000000
1537328310,6329.200000000000,0.005688000000
1537328310,6329.200000000000,1.000000000000
1537328310,6329.200000000000,0.005688000000
1537328310,6329.200000000000,1.000000000000
1537328310,6329.200000000000,0.005688000000
1537328310,6329.200000000000,0.005688000000
1537328310,6329.200000000000,0.005688000000
1537328310,6329.200000000000,0.025522230000
1537328310,6329.200000000000,0.005688000000
1537328310,6329.200000000000,0.005688000000
1537328310,6329.200000000000,0.005688000000
1537328310,6329.200000000000,0.005688000000
1537328310,6329.200000000000,0.226000000000
1537328310,6329.200000000000,0.005688000000
1537328310,6329.200000000000,0.005688000000
1537328310,6329.200000000000,2.500000000000
1537328310,6329.200000000000,0.005688000000
1537328310,6329.200000000000,0.005688000000
1537328310,6329.200000000000,0.005688000000
1537328310,6329.140000000000,0.015799920000
1537328310,6329.110000000000,3.078677430000
1537328310,6328.920000000000,0.100000000000
1537328311,6328.910000000000,0.014400000000
1537328313,6328.920000000000,0.015117460000
1537328317,6328.910000000000,0.036162380000
1537328317,6328.910000000000,0.013837620000
1537328321,6328.920000000000,0.001000000000
1537328321,6329.210000000000,0.006680940000
1537328321,6329.210000000000,0.020279130000
1537328322,6329.200000000000,1.000000000000
1537328322,6329.200000000000,3.090000000000
1537328322,6329.200000000000,0.549770000000
1537328322,6329.200000000000,1.000000000000
1537328322,6329.200000000000,2.500000000000
1537328322,6328.910000000000,1.860230000000
1537328337,6328.920000000000,0.023112730000
1537328338,6328.920000000000,0.001966810000
1537328344,6328.920000000000,0.002910120000
1537328360,6328.920000000000,0.037490250000
1537328364,6328.910000000000,3.125932380000
1537328364,6328.910000000000,0.005688000000
1537328364,6328.910000000000,0.005688000000
1537328364,6328.910000000000,0.005688000000
1537328364,6328.910000000000,0.005688000000
1537328364,6328.910000000000,0.005214000000
1537328364,6328.910000000000,0.005214000000
1537328364,6328.910000000000,0.005214000000
1537328364,6328.910000000000,1.000000000000
1537328364,6328.910000000000,0.005214000000
1537328364,6328.910000000000,0.024186640000
1537328364,6328.900000000000,0.100000000000
1537328364,6328.790000000000,0.001000000000
1537328364,6328.790000000000,0.001319020000
1537328364,6328.670000000000,0.001000000000
1537328364,6328.310000000000,0.001000000000
1537328364,6328.310000000000,1.000000000000
1537328364,6328.160000000000,0.015802390000
1537328364,6328.000000000000,0.043531980000
1537328364,6327.640000000000,0.001000000000
1537328364,6327.640000000000,0.010000000000
1537328364,6327.360000000000,0.006441280000
1537328364,6327.360000000000,0.006441280000
1537328364,6327.340000000000,0.572949000000
1537328364,6327.330000000000,1.000000000000
1537328364,6327.100000000000,0.001000000000
1537328364,6327.050000000000,0.100000000000
1537328364,6326.750000000000,0.001000000000
1537328364,6326.540000000000,0.001000000000
1537328364,6326.490000000000,0.001000000000
1537328364,6326.220000000000,0.006442440000
1537328364,6325.760000000000,0.009693540000
1537328364,6325.710000000000,0.002000000000
1537328364,6325.490000000000,0.675207250000
1537328364,6325.340000000000,0.001000000000
1537328364,6325.330000000000,0.001000000000
1537328364,6325.010000000000,0.400000000000
1537328364,6325.010000000000,1.846444800000
1537328367,6325.010000000000,0.239426830000
1537328370,6325.020000000000,0.007501190000
1537328389,6325.020000000000,0.022691210000
1537328392,6325.010000000000,0.073728210000
1537328395,6325.020000000000,0.007552730000
1537328395,6325.020000000000,0.015127480000
1537328406,6325.020000000000,0.078742790000
1537328422,6325.020000000000,0.003200000000
1537328428,6325.020000000000,0.018758320000
1537328433,6325.010000000000,1.000000000000
1537328436,6325.020000000000,0.006136890000
1537328436,6325.020000000000,0.043609490000
1537328444,6325.020000000000,0.002911910000
1537328445,6325.010000000000,0.034162860000
1537328446,6325.010000000000,0.004400000000
1537328450,6325.020000000000,0.005979570000
1537328455,6325.020000000000,0.007552730000
1537328458,6325.010000000000,0.001900000000
1537328458,6325.020000000000,0.009283200000
1537328462,6325.010000000000,0.040000660000
1537328463,6325.020000000000,0.302558970000
1537328464,6325.020000000000,0.004406410000
1537328470,6325.010000000000,0.302500000000
1537328483,6325.020000000000,0.001600000000
1537328492,6325.020000000000,0.003698490000
1537328492,6325.020000000000,0.034159530000
1537328503,6325.020000000000,0.015127480000
1537328504,6325.020000000000,0.016640850000
1537328508,6325.020000000000,0.015127480000
1537328510,6325.020000000000,0.012102300000
1537328517,6325.010000000000,1.547900000000
1537328521,6325.020000000000,0.001592050000
1537328525,6325.020000000000,0.775029900000
1537328532,6325.020000000000,0.001417410000
1537328534,6325.020000000000,0.836346120000
1537328538,6325.020000000000,0.046502520000
1537328539,6325.020000000000,0.472888130000
1537328539,6325.020000000000,0.007552730000
1537328539,6325.020000000000,0.007552730000
1537328544,6325.020000000000,0.051000000000
1537328547,6325.020000000000,0.060511480000
1537328548,6325.020000000000,0.004719470000
1537328549,6325.020000000000,0.190418440000
1537328549,6325.020000000000,0.127343520000
1537328551,6325.020000000000,0.007552730000
1537328551,6325.020000000000,0.006419780000
1537328551,6325.020000000000,0.006419780000
1537328551,6325.020000000000,0.006419780000
1537328551,6325.020000000000,0.006419780000
1537328551,6325.020000000000,0.006419780000
1537328551,6325.020000000000,0.006419780000
1537328551,6325.020000000000,0.006419780000
1537328551,6325.020000000000,0.006419780000
1537328551,6325.020000000000,0.006419780000
1537328551,6325.020000000000,0.011873340000
1537328551,6325.020000000000,0.930362040000
1537328553,6325.020000000000,0.002597280000
1537328553,6325.010000000000,0.067219270000
1537328553,6325.010000000000,0.007600000000
1537328554,6325.010000000000,0.030000000000
1537328554,6325.020000000000,0.004406410000
1537328559,6325.020000000000,0.015127480000
1537328560,6325.020000000000,0.025000000000
1537328564,6325.020000000000,0.007552730000
1537328565,6325.020000000000,0.003698490000
1537328567,6325.010000000000,0.487273280000
1537328567,6325.020000000000,0.015247040000
1537328567,6325.020000000000,0.024308420000
1537328575,6325.020000000000,0.418146590000
1537328575,6325.020000000000,0.015127480000
1537328576,6325.020000000000,0.001417410000
1537328582,6325.020000000000,0.490180910000
1537328586,6325.020000000000,0.005979570000
1537328588,6325.020000000000,0.007552730000
1537328589,6325.020000000000,0.018280080000
1537328589,6325.010000000000,0.014900000000
1537328591,6325.020000000000,0.011328300000
1537328592,6325.020000000000,0.003687040000
1537328592,6325.020000000000,0.001000000000
1537328592,6325.020000000000,0.001292530000
1537328600,6325.020000000000,0.003900000000
1537328601,6325.020000000000,0.302558970000
1537328609,6325.020000000000,0.093003460000
1537328609,6325.020000000000,0.013845350000
1537328610,6325.020000000000,0.003698490000
1537328612,6325.010000000000,0.453200000000
1537328616,6325.020000000000,0.021154240000
1537328620,6325.020000000000,0.021893630000
1537328623,6325.010000000000,0.015100000000
1537328625,6325.010000000000,0.015729210000
1537328628,6325.010000000000,0.223250290000
1537328638,6325.020000000000,0.030992760000
1537328638,6325.020000000000,0.170188830000
1537328640,6325.020000000000,0.775029900000
1537328644,6325.020000000000,0.075640530000
1537328646,6325.020000000000,0.015261190000
1537328646,6325.010000000000,0.170200000000
1537328652,6325.020000000000,0.015127480000
1537328653,6325.010000000000,0.075952770000
1537328664,6325.020000000000,0.015127480000
1537328666,6325.020000000000,0.001573160000
1537328666,6325.020000000000,0.047194710000
1537328668,6325.020000000000,0.023300000000
1537328669,6325.020000000000,0.363070450000
1537328670,6325.020000000000,0.008968570000
1537328680,6325.010000000000,0.365500000000
1537328680,6325.010000000000,0.013964470000
1537328695,6325.020000000000,0.015762930000
1537328697,6325.020000000000,0.030992760000
1537328702,6325.020000000000,0.310012590000
1537328702,6325.020000000000,0.090000000000
1537328703,6325.020000000000,0.155006290000
1537328703,6325.020000000000,0.007552730000
1537328704,6325.010000000000,0.007600000000
1537328706,6325.020000000000,0.001610000000
1537328712,6325.020000000000,0.048951920000
1537328713,6325.020000000000,0.015127480000
1537328713,6325.020000000000,0.001417410000
1537328715,6325.020000000000,0.007600000000
1537328719,6325.020000000000,0.021179410000
1537328721,6325.020000000000,0.302558970000
1537328723,6325.010000000000,0.048067930000
1537328727,6325.010000000000,0.248700000000
1537328733,6325.020000000000,0.030992760000
1537328747,6325.020000000000,0.015127480000
1537328747,6325.010000000000,0.062500000000
1537328747,6325.010000000000,0.048067930000
1537328749,6325.010000000000,1.147683410000
1537328751,6325.020000000000,0.002911910000
1537328753,6325.020000000000,0.030522380000
1537328760,6325.020000000000,0.016100000000
1537328769,6325.020000000000,0.004406410000
1537328769,6325.010000000000,0.078996610000
1537328776,6325.020000000000,0.039371400000
1537328776,6325.020000000000,0.089256200000
1537328782,6325.020000000000,0.030256530000
1537328782,6325.020000000000,0.034038400000
1537328783,6325.010000000000,0.075600000000
1537328784,6325.020000000000,0.015127480000
1537328792,6325.020000000000,0.030992760000
1537328797,6325.020000000000,0.005350310000
1537328801,6325.020000000000,0.302558970000
1537328801,6325.020000000000,0.018154230000
1537328805,6325.010000000000,0.302600000000
1537328809,6325.010000000000,0.012711760000
1537328809,6325.020000000000,0.007552730000
1537328810,6325.020000000000,0.056729610000
1537328815,6325.010000000000,0.040000000000
1537328816,6325.010000000000,0.170901900000
1537328818,6325.020000000000,0.054251890000
1537328821,6325.010000000000,0.315887240000
1537328824,6325.020000000000,0.001417410000
1537328825,6325.020000000000,0.001000000000
1537328825,6325.020000000000,0.077192670000
1537328825,6325.020000000000,0.921884690000
1537328826,6325.020000000000,0.003146310000
1537328829,6325.010000000000,0.410330570000
1537328829,6325.010000000000,0.007913200000
1537328829,6325.010000000000,0.003806390000
1537328829,6325.010000000000,0.050000000000
1537328829,6325.010000000000,0.014285710000
1537328829,6325.010000000000,0.021031820000
1537328829,6325.010000000000,0.044481600000
1537328832,6325.020000000000,0.001102780000
1537328839,6325.010000000000,0.002400000000
1537328840,6325.020000000000,0.058070360000
1537328840,6325.020000000000,0.034933100000
1537328841,6325.020000000000,0.007552730000
1537328843,6325.020000000000,0.006923460000
1537328844,6325.020000000000,0.007551150000
1537328849,6325.020000000000,0.027229770000
1537328853,6325.020000000000,0.002597280000
1537328855,6325.020000000000,0.036634100000
1537328864,6325.020000000000,0.009283200000
1537328865,6325.020000000000,0.045384000000
1537328871,6325.020000000000,0.007599920000
1537328876,6325.020000000000,0.037820260000
1537328881,6325.020000000000,0.029407480000
1537328881,6325.020000000000,0.030324170000
1537328883,6325.020000000000,0.007552730000
1537328884,6325.010000000000,0.038000000000
1537328888,6325.020000000000,0.037820260000
1537328890,6325.020000000000,0.031776200000
1537328895,6325.010000000000,0.357000000000
1537328897,6325.020000000000,0.017360610000
1537328897,6325.020000000000,0.001019180000
1537328897,6325.020000000000,0.002292230000
1537328897,6325.020000000000,0.037627980000
1537328898,6325.020000000000,0.002292210000
1537328898,6325.030000000000,0.001000000000
1537328898,6325.040000000000,0.001000000000
1537328898,6325.120000000000,0.001000000000
1537328898,6325.340000000000,0.002260520000
1537328899,6325.340000000000,0.000189900000
1537328899,6325.350000000000,0.005928270000
1537328899,6325.350000000000,0.009773860000
1537328900,6325.360000000000,0.001000000000
1537328900,6325.360000000000,0.004031120000
1537328900,6325.550000000000,0.001000000000
1537328900,6325.780000000000,0.001343590000
1537328900,6325.790000000000,0.001975800000
1537328900,6325.800000000000,0.002766090000
1537328900,6326.120000000000,0.001185350000
1537328900,6326.130000000000,0.001817520000
1537328900,6326.140000000000,0.006085490000
1537328900,6326.150000000000,0.001817830000
1537328900,6326.160000000000,0.001000000000
1537328900,6326.640000000000,0.010000000000
1537328900,6327.350000000000,0.001000000000
1537328900,6327.920000000000,0.001000000000
1537328900,6328.280000000000,0.039617740000
1537328902,6328.280000000000,0.030992760000
1537328906,6328.280000000000,0.029801880000
1537328908,6328.270000000000,0.075100000000
1537328909,6328.280000000000,0.001310440000
1537328913,6328.280000000000,0.002910410000
1537328919,6328.280000000000,0.002910410000
1537328920,6328.280000000000,0.015119680000
1537328923,6328.280000000000,0.008036260000
1537328923,6328.280000000000,0.039308660000
1537328927,6328.270000000000,0.180189880000
1537328927,6328.270000000000,0.201457210000
1537328929,6328.270000000000,0.008415610000
1537328931,6328.270000000000,0.005558530000
1537328932,6328.270000000000,0.004800000000
1537328946,6328.280000000000,0.083161410000
1537328951,6328.270000000000,0.763998170000
1537328951,6327.930000000000,0.558118400000
1537328951,6327.530000000000,1.000000000000
1537328951,6326.660000000000,0.010000000000
1537328955,6325.660000000000,0.028000000000
1537328956,6325.660000000000,0.023116640000
1537328957,6325.660000000000,0.003224880000
1537328957,6325.660000000000,0.309852890000
1537328958,6325.660000000000,0.030240940000
1537328958,6325.660000000000,0.007548840000
1537328958,6325.660000000000,0.012852360000
1537328964,6325.660000000000,0.151264180000
1537328967,6325.650000000000,0.006900000000
1537328967,6325.660000000000,0.003698120000
1537328968,6325.660000000000,0.003698120000
1537328968,6325.660000000000,0.001261020000
1537328968,6325.660000000000,0.011670890000
1537328968,6326.080000000000,0.001000000000
1537328968,6326.110000000000,0.001000000000
1537328972,6326.670000000000,0.009360910000
1537328975,6326.670000000000,0.001417270000
1537328978,6326.670000000000,0.007551960000
1537328978,6326.660000000000,0.007100000000
1537328984,6326.670000000000,0.302480060000
1537328988,6326.670000000000,0.001116520000
1537328988,6326.860000000000,0.001000000000
1537328988,6327.310000000000,0.001000000000
1537328990,6328.280000000000,0.001184960000
1537328990,6328.280000000000,0.002923010000
1537328990,6328.280000000000,0.001184740000
1537328990,6328.280000000000,0.002307290000
1537328995,6328.280000000000,0.000615960000
1537328995,6328.280000000000,0.001501050000
1537328995,6328.280000000000,0.001184790000
1537328995,6328.280000000000,0.001974930000
1537328995,6328.280000000000,0.001184710000
1537328995,6328.280000000000,0.002448950000
1537328995,6328.280000000000,0.001817080000
1537328995,6328.280000000000,0.003081250000
1537328995,6328.280000000000,0.001184830000
1537328995,6328.280000000000,0.000127090000
1537328997,6328.280000000000,0.001531730000
1537328997,6328.280000000000,0.001184730000
1537328997,6328.280000000000,0.001974980000
1537328997,6328.280000000000,0.001184950000
1537328997,6328.280000000000,0.002923100000
1537328997,6328.280000000000,0.001184700000
1537328997,6328.280000000000,0.001053010000
1537328997,6328.280000000000,0.001869990000
1537328997,6328.280000000000,0.002607330000
1537328997,6328.280000000000,0.010643320000
1537329002,6328.280000000000,0.007548840000
1537329002,6328.280000000000,0.002910410000
1537329004,6328.280000000000,0.003039670000
1537329004,6328.280000000000,0.002607180000
1537329004,6328.280000000000,0.001343090000
1537329004,6328.280000000000,0.001184810000
1537329004,6328.280000000000,0.001184800000
1537329004,6328.280000000000,0.001185110000
1537329004,6328.280000000000,0.001000000000
1537329004,6328.280000000000,0.003081100000
1537329004,6328.280000000000,0.000493920000
1537329007,6328.280000000000,0.000691230000
1537329007,6328.280000000000,0.002132870000
1537329007,6328.280000000000,0.002765160000
1537329007,6328.280000000000,0.001501060000
1537329007,6328.280000000000,0.002290870000
1537329007,6328.280000000000,0.141820360000
1537329010,6328.270000000000,0.021453030000
1537329011,6328.270000000000,0.045303300000
1537329011,6328.280000000000,0.001184960000
1537329011,6328.280000000000,0.001184790000
1537329011,6328.280000000000,0.001343110000
1537329011,6328.280000000000,0.002263630000
1537329012,6328.280000000000,0.000343250000
1537329012,6328.280000000000,0.045017370000
1537329014,6328.270000000000,0.012800000000
1537329026,6328.270000000000,0.498504860000
1537329031,6328.280000000000,0.154990610000
1537329035,6328.280000000000,0.003930870000
1537329035,6328.280000000000,0.007548840000
1537329041,6328.280000000000,0.038102670000
1537329041,6328.280000000000,0.045360620000
1537329045,6328.280000000000,0.015119680000
1537329045,6328.280000000000,0.017690470000
1537329048,6328.270000000000,0.045600000000
1537329056,6328.280000000000,0.002910410000
1537329056,6328.280000000000,0.049896840000
1537329057,6328.280000000000,0.002363220000
1537329059,6328.280000000000,0.201403430000
1537329060,6328.280000000000,0.003500000000
1537329065,6328.270000000000,0.113608650000
1537329071,6328.270000000000,0.158900000000
1537329072,6328.280000000000,0.007548840000
1537329081,6328.280000000000,0.002606940000
1537329081,6328.280000000000,0.001184710000
1537329081,6328.280000000000,0.002184840000
1537329083,6328.280000000000,0.000106300000
1537329083,6328.280000000000,0.001185070000
1537329083,6328.280000000000,0.001184900000
1537329083,6328.280000000000,0.001185110000
1537329083,6328.280000000000,0.001184940000
1537329083,6328.280000000000,0.011053680000
1537329084,6328.280000000000,0.034383280000
1537329084,6328.280000000000,0.115123220000
1537329084,6328.280000000000,0.007548840000
1537329084,6328.280000000000,0.007861730000
1537329085,6328.280000000000,0.111985030000
1537329085,6328.280000000000,0.074223840000
1537329087,6328.280000000000,0.005925310000
1537329087,6328.280000000000,0.001816780000
1537329087,6328.280000000000,0.001184910000
1537329087,6328.280000000000,0.001184890000
1537329087,6328.280000000000,0.002765320000
1537329087,6328.280000000000,0.002923170000
1537329087,6328.280000000000,0.002449320000
1537329087,6328.280000000000,0.005135500000
1537329087,6328.280000000000,0.001343070000
1537329087,6328.280000000000,0.001184800000
1537329087,6328.280000000000,0.001000000000
1537329087,6328.280000000000,0.003081270000
1537329087,6328.280000000000,0.003239090000
1537329087,6328.280000000000,0.001185040000
1537329087,6328.280000000000,0.173554120000
1537329090,6328.280000000000,0.031751960000
1537329092,6328.280000000000,0.009431600000
1537329095,6328.280000000000,0.015119680000
1537329098,6328.280000000000,0.001974870000
1537329098,6328.280000000000,0.001501030000
1537329098,6328.280000000000,0.002765270000
1537329098,6328.280000000000,0.002132920000
1537329098,6328.280000000000,0.001659080000
1537329098,6328.280000000000,0.005767690000
1537329098,6328.280000000000,0.003081170000
1537329098,6328.280000000000,0.002607320000
1537329098,6328.280000000000,0.001342750000
1537329098,6328.280000000000,0.001501070000
1537329098,6328.280000000000,0.001184770000
1537329098,6328.280000000000,0.001343100000
1537329098,6328.280000000000,0.001184820000
1537329098,6328.280000000000,0.076954140000
1537329100,6328.280000000000,0.001975000000
1537329100,6328.280000000000,0.001501150000
1537329100,6328.280000000000,0.001659000000
1537329100,6328.430000000000,0.002291010000
1537329100,6328.440000000000,0.001000000000
1537329100,6328.810000000000,0.001000000000
1537329100,6328.820000000000,0.001000000000
1537329104,6329.200000000000,0.004966120000
1537329107,6329.200000000000,0.006100000000
1537329109,6329.200000000000,0.003696050000
1537329109,6329.200000000000,0.008724950000
1537329112,6329.200000000000,0.007860590000
1537329115,6329.200000000000,0.007860590000
1537329115,6329.190000000000,0.025688460000
1537329119,6329.200000000000,0.600000000000
1537329127,6329.200000000000,0.014513790000
1537329128,6329.200000000000,0.006290040000
1537329130,6329.190000000000,0.020800000000
1537329131,6329.200000000000,0.002909990000
1537329133,6329.200000000000,0.019181410000
1537329141,6329.200000000000,0.030972300000
1537329141,6329.200000000000,0.189700000000
1537329142,6329.200000000000,0.012094300000
1537329144,6329.190000000000,0.011750610000
1537329144,6329.200000000000,0.015251120000
1537329145,6329.200000000000,0.003696050000
1537329153,6329.200000000000,0.030000000000
1537329153,6329.190000000000,0.141001000000
1537329153,6329.190000000000,0.041400000000
1537329157,6329.200000000000,0.013757600000
1537329159,6329.200000000000,0.022425100000
1537329159,6329.200000000000,0.001658960000
1537329159,6329.200000000000,0.001974780000
1537329159,6329.200000000000,0.001184870000
1537329159,6329.200000000000,0.002606590000
1537329159,6329.200000000000,0.002922890000
1537329159,6329.200000000000,0.002448630000
1537329159,6329.200000000000,0.001184720000
1537329159,6329.200000000000,0.001342550000
1537329159,6329.200000000000,0.001184770000
1537329159,6329.200000000000,0.005608450000
1537329159,6329.200000000000,0.001500580000
1537329159,6329.200000000000,0.001816880000
1537329159,6329.200000000000,0.001974700000
1537329159,6329.200000000000,0.001184590000
1537329159,6329.200000000000,0.001184810000
1537329159,6329.200000000000,0.005134500000
1537329159,6329.200000000000,0.001342620000
1537329159,6329.200000000000,0.001184840000
1537329159,6329.200000000000,0.001184890000
1537329159,6329.200000000000,0.002764610000
1537329159,6329.200000000000,0.001000000000
1537329161,6329.210000000000,0.007547740000
1537329161,6329.200000000000,0.476376180000
1537329161,6329.210000000000,0.216865630000
1537329165,6329.210000000000,0.019600000000
1537329166,6329.210000000000,0.018896860000
1537329167,6329.210000000000,0.170076270000
1537329169,6329.210000000000,0.188974670000
1537329172,6329.210000000000,0.154903850000
1537329173,6329.210000000000,0.001000000000
1537329174,6329.210000000000,0.002909990000
1537329176,6329.200000000000,0.170100000000
1537329182,6329.210000000000,0.015117460000
1537329185,6329.210000000000,0.040893870000
1537329192,6329.210000000000,0.001652290000
1537329193,6329.200000000000,0.070998550000
1537329196,6329.210000000000,0.151179340000
1537329199,6329.210000000000,0.031505000000
1537329200,6329.210000000000,0.005032340000
1537329200,6329.210000000000,0.005661190000
1537329201,6329.200000000000,0.020801730000
1537329202,6329.210000000000,1.477165950000
1537329205,6329.210000000000,0.054215970000
1537329211,6329.210000000000,0.007100000000
1537329215,6329.210000000000,0.051703730000
1537329219,6329.210000000000,0.039400000000
1537329223,6329.210000000000,0.014749830000
1537329223,6329.210000000000,0.108549040000
1537329223,6329.200000000000,0.039400000000
1537329224,6329.210000000000,0.013790070000
1537329227,6329.210000000000,0.100816010000
1537329228,6329.210000000000,0.003931860000
1537329230,6329.210000000000,0.046471730000
1537329231,6329.210000000000,0.007074520000
1537329233,6329.210000000000,0.062500000000
1537329236,6329.210000000000,0.008962630000
1537329239,6329.210000000000,0.002123930000
1537329246,6329.210000000000,0.008000000000
1537329249,6329.200000000000,0.007938000000
1537329250,6329.210000000000,0.001809500000
1537329258,6329.210000000000,0.004000000000
1537329265,6329.200000000000,0.009051130000
1537329267,6329.200000000000,0.012914960000
1537329272,6329.210000000000,0.002123930000
1537329277,6329.210000000000,0.005975610000
1537329277,6329.210000000000,0.039400000000
1537329280,6329.210000000000,0.035700000000
1537329284,6329.200000000000,0.094489600000
1537329284,6329.210000000000,0.015117460000
1537329285,6329.210000000000,0.008962630000
1537329287,6329.200000000000,0.190550170000
1537329288,6329.210000000000,0.023111670000
1537329289,6329.210000000000,0.015117460000
1537329290,6329.210000000000,0.004403500000
1537329291,6329.200000000000,0.013400000000
1537329292,6329.210000000000,0.003067200000
1537329292,6329.210000000000,0.046471730000
1537329294,6329.210000000000,0.007547730000
1537329304,6329.200000000000,0.010700000000
1537329305,6329.210000000000,0.004403500000
1537329307,6329.210000000000,0.007547730000
1537329312,6329.210000000000,0.001652290000
1537329315,6329.200000000000,0.001200000000
1537329318,6329.210000000000,0.071591970000
1537329318,6329.210000000000,0.012106860000
1537329321,6329.210000000000,0.002438350000
1537329321,6329.210000000000,1.000077120000
1537329322,6329.210000000000,0.046471730000
1537329324,6329.210000000000,1.000077120000
1537329324,6329.200000000000,0.193617890000
1537329327,6329.200000000000,0.010300000000
1537329330,6329.210000000000,0.030236500000
1537329330,6329.200000000000,0.012404820000
1537329332,6329.210000000000,0.015251090000
1537329333,6329.210000000000,0.019000000000
1537329334,6329.200000000000,0.010235750000
1537329340,6329.210000000000,0.001600000000
1537329341,6329.210000000000,0.015117460000
1537329344,6329.210000000000,0.007547730000
1537329348,6329.210000000000,0.999950560000
1537329351,6329.200000000000,0.001600000000
1537329352,6329.200000000000,0.008107910000
1537329352,6329.210000000000,0.008176570000
1537329353,6329.210000000000,3.155383460000
1537329359,6329.200000000000,0.551090150000
1537329365,6329.200000000000,0.003412440000
1537329366,6329.200000000000,0.066115540000
1537329370,6329.210000000000,0.042330780000
1537329376,6329.210000000000,0.002909990000
1537329382,6329.210000000000,0.001416480000
1537329385,6329.210000000000,0.881956000000
1537329388,6329.210000000000,0.002909990000
1537329394,6329.210000000000,0.999982000000
1537329396,6329.210000000000,0.017419760000
1537329396,6329.210000000000,0.003200000000
1537329397,6329.210000000000,0.632000000000
1537329399,6329.210000000000,0.030991110000
1537329404,6329.210000000000,0.037021750000
1537329410,6329.210000000000,0.001416480000
1537329410,6329.210000000000,0.004403500000
1537329414,6329.210000000000,0.999982000000
1537329414,6329.210000000000,1.208247750000
1537329415,6329.210000000000,0.001000000000
1537329421,6329.210000000000,0.023111670000
1537329421,6329.210000000000,0.030236500000
1537329427,6329.210000000000,0.010377530000
1537329432,6329.200000000000,0.029300000000
1537329433,6329.210000000000,0.154903680000
1537329436,6329.200000000000,0.003501600000
1537329436,6329.210000000000,0.015117460000
1537329454,6329.200000000000,0.023698090000
1537329454,6329.210000000000,0.023700000000
1537329460,6329.210000000000,0.464711040000
1537329460,6329.210000000000,0.999982000000
1537329462,6329.210000000000,0.060471420000
1537329465,6329.200000000000,0.023700000000
1537329472,6329.210000000000,0.060471420000
1537329477,6329.210000000000,0.005975610000
1537329480,6329.200000000000,0.008749430000
1537329482,6329.200000000000,0.055415170000
1537329484,6329.210000000000,0.015721150000
1537329485,6329.210000000000,0.006918880000
1537329487,6329.210000000000,0.118143760000
1537329493,6329.210000000000,0.015251090000
1537329494,6329.200000000000,0.112835870000
1537329496,6329.210000000000,0.007862150000
1537329496,6329.210000000000,0.003696040000
1537329498,6329.210000000000,1.000076700000
1537329501,6329.210000000000,0.002400000000
1537329502,6329.210000000000,0.005975610000
1537329505,6329.210000000000,0.077451840000
1537329506,6329.210000000000,0.302358670000
1537329509,6329.210000000000,0.007547730000
1537329514,6329.200000000000,0.015100000000
1537329521,6329.210000000000,1.000013400000
1537329526,6329.210000000000,0.668287270000
1537329527,6329.210000000000,0.038725920000
1537329529,6329.210000000000,0.015251090000
1537329532,6329.210000000000,0.007547730000
1537329536,6329.210000000000,0.009748690000
1537329537,6329.210000000000,0.075000000000
1537329538,6329.210000000000,0.008962630000
1537329538,6329.210000000000,0.999950100000
1537329538,6329.210000000000,1.000000000000
1537329538,6329.200000000000,0.083900000000
1537329544,6329.210000000000,0.001416480000
1537329546,6329.210000000000,0.010566190000
1537329546,6329.200000000000,0.029561500000
1537329549,6329.210000000000,0.007547730000
1537329550,6329.210000000000,0.012850470000
1537329550,6329.210000000000,0.086300000000
1537329551,6329.210000000000,0.018142210000
1537329551,6329.210000000000,0.053252270000
1537329553,6329.210000000000,3.056978050000
1537329553,6329.210000000000,0.001816790000
1537329553,6329.210000000000,0.001184770000
1537329553,6329.210000000000,0.001184600000
1537329553,6329.210000000000,0.003238550000
1537329553,6329.220000000000,0.000582940000
1537329553,6329.230000000000,0.001184510000
1537329553,6329.230000000000,0.001000000000
1537329553,6329.240000000000,0.002132930000
1537329553,6329.250000000000,0.001658560000
1537329553,6329.260000000000,0.004502490000
1537329553,6329.260000000000,0.001000000000
1537329553,6329.270000000000,0.002764720000
1537329553,6329.280000000000,0.001184630000
1537329553,6329.290000000000,0.002132560000
1537329553,6329.300000000000,0.001816890000
1537329553,6329.310000000000,0.002290660000
1537329553,6329.320000000000,0.002132830000
1537329553,6329.330000000000,0.001816530000
1537329553,6329.340000000000,0.001000000000
1537329553,6329.380000000000,0.001000000000
1537329553,6329.400000000000,0.001342880000
1537329553,6329.410000000000,0.002606740000
1537329553,6329.790000000000,0.001000000000
1537329554,6329.990000000000,0.135220750000
1537329556,6330.000000000000,0.007547730000
1537329571,6330.000000000000,0.001809280000
1537329574,6330.000000000000,0.001000000000
1537329574,6330.000000000000,0.389642990000
1537329574,6330.000000000000,1.222512490000
1537329574,6330.000000000000,0.001246200000
1537329574,6330.180000000000,0.002132630000
1537329574,6330.200000000000,0.001000000000
1537329574,6331.080000000000,0.001500000000
1537329574,6331.090000000000,0.001184340000
1537329574,6331.140000000000,0.001000000000
1537329574,6331.320000000000,0.015794490000
1537329574,6331.820000000000,0.002447940000
1537329574,6331.980000000000,0.009551320000
1537329574,6332.320000000000,0.009551320000
1537329574,6332.330000000000,0.001000000000
1537329574,6332.880000000000,0.014749420000
1537329575,6332.880000000000,0.002123660000
1537329575,6332.890000000000,0.001000000000
1537329575,6333.270000000000,0.001183790000
1537329575,6333.280000000000,0.004973280000
1537329575,6333.290000000000,0.003078780000
1537329575,6333.300000000000,0.000235850000
1537329575,6333.790000000000,0.001341740000
1537329575,6333.980000000000,0.005288480000
1537329575,6336.400000000000,0.001000000000
1537329575,6337.500000000000,0.017778700000
1537329575,6337.500000000000,0.020000000000
1537329575,6337.490000000000,2.000000000000
1537329576,6337.500000000000,0.062221300000
1537329576,6337.500000000000,0.272500000000
1537329576,6337.650000000000,0.049597180000
1537329577,6337.660000000000,0.015719190000
1537329578,6337.660000000000,0.000059510000
1537329578,6337.660000000000,0.282100000000
1537329578,6337.660000000000,0.014436830000
1537329578,6337.780000000000,0.001000000000
1537329580,6338.590000000000,0.081383580000
1537329580,6339.330000000000,0.001000000000
1537329580,6339.500000000000,0.001000000000
1537329580,6339.860000000000,0.019447010000
1537329580,6339.870000000000,0.010000000000
1537329580,6339.950000000000,0.495671510000
1537329580,6340.000000000000,0.080382330000
1537329580,6340.310000000000,0.001000000000
1537329580,6340.830000000000,0.015770810000
1537329580,6341.220000000000,0.001000000000
1537329580,6341.530000000000,0.050562380000
1537329580,6341.590000000000,0.001000000000
1537329580,6341.720000000000,0.001205050000
1537329580,6341.820000000000,0.015768340000
1537329580,6342.600000000000,0.001000000000
1537329580,6343.070000000000,0.001000000000
1537329580,6344.000000000000,0.015762920000
1537329580,6344.920000000000,0.001000000000
1537329580,6345.330000000000,0.001000000000
1537329580,6345.340000000000,0.504019170000
1537329580,6345.700000000000,0.001000000000
1537329580,6346.460000000000,0.700036470000
1537329583,6346.460000000000,0.016552390000
1537329583,6346.460000000000,0.008553140000
1537329583,6346.460000000000,2.500000000000
1537329583,6347.170000000000,0.015755040000
1537329583,6347.740000000000,0.010000000000
1537329583,6348.050000000000,0.001000000000
1537329583,6348.100000000000,0.675207250000
1537329583,6348.160000000000,0.015752590000
1537329583,6348.800000000000,0.001000000000
1537329583,6350.000000000000,0.002000000000
1537329583,6350.000000000000,0.150000000000
1537329583,6350.000000000000,0.200000000000
1537329583,6350.340000000000,0.600000000000
1537329583,6350.350000000000,0.014335330000
1537329583,6350.690000000000,0.001000000000
1537329583,6350.690000000000,0.800000000000
1537329583,6350.710000000000,0.002000000000
1537329583,6350.780000000000,1.101909980000
1537329584,6350.770000000000,2.564800000000
1537329584,6350.770000000000,0.262108980000
1537329584,6350.770000000000,0.200000000000
1537329584,6350.770000000000,0.370000000000
1537329584,6350.770000000000,0.800000000000
1537329585,6349.500000000000,0.001900000000
1537329587,6349.510000000000,1.000000000000
1537329587,6349.510000000000,0.501400000000
1537329587,6349.510000000000,0.498606100000
1537329587,6349.510000000000,11.904399430000
1537329595,6349.510000000000,1.000000440000
1537329597,6349.510000000000,0.005730170000
1537329597,6349.510000000000,0.001653620000
1537329597,6349.510000000000,0.010000000000
1537329597,6349.510000000000,0.001180800000
1537329597,6349.510000000000,0.010000000000
1537329597,6349.510000000000,0.003070710000
1537329597,6349.510000000000,0.010000000000
1537329597,6349.520000000000,0.001454290000
1537329598,6350.000000000000,0.018084210000
1537329598,6349.990000000000,0.006600000000
1537329600,6350.000000000000,0.017631320000
1537329606,6350.000000000000,0.097493630000
1537329607,6350.000000000000,0.002116970000
1537329609,6350.000000000000,0.020411200000
1537329610,6350.000000000000,0.011127040000
1537329610,6349.990000000000,0.010500000000
1537329611,6349.990000000000,0.066692670000
1537329611,6349.990000000000,0.010000000000
1537329611,6349.990000000000,0.008372100000
1537329611,6349.990000000000,0.841935230000
1537329611,6349.990000000000,0.001572910000
1537329611,6349.510000000000,0.011409410000
1537329611,6349.500000000000,0.998100000000
1537329611,6349.500000000000,0.993100000000
1537329611,6349.500000000000,0.005800000000
1537329611,6349.500000000000,0.000617730000
1537329611,6349.500000000000,0.027000000000
1537329611,6349.500000000000,0.999382270000
1537329612,6348.980000000000,0.001000000000
1537329612,6348.010000000000,0.007523010000
1537329613,6348.010000000000,0.007523010000
1537329617,6348.000000000000,0.007913600000
1537329623,6348.010000000000,0.010600000000
1537329627,6348.010000000000,0.077198260000
1537329632,6348.010000000000,0.018088480000
1537329633,6348.010000000000,0.050951540000
1537329639,6348.010000000000,0.014578940000
1537329640,6348.010000000000,0.011287280000
1537329644,6348.010000000000,0.033915120000
1537329645,6348.000000000000,0.051300000000
1537329646,6348.010000000000,0.037697400000
1537329647,6348.010000000000,0.200777460000
1537329651,6348.010000000000,0.008936090000
1537329654,6348.000000000000,0.018048660000
1537329656,6348.010000000000,0.003071810000
1537329656,6348.010000000000,0.014953970000
1537329656,6348.010000000000,0.006900000000
1537329660,6348.010000000000,0.022609040000
1537329660,6348.010000000000,0.075536990000
1537329660,6348.010000000000,0.078907930000
1537329661,6348.000000000000,0.086600000000
1537329664,6348.010000000000,0.029693950000
1537329667,6348.010000000000,0.017600000000
1537329675,6348.000000000000,0.185096880000
1537329680,6348.000000000000,0.065893420000
1537329689,6348.010000000000,0.004860690000
1537329691,6348.000000000000,0.168300000000
1537329693,6348.010000000000,0.868937430000
1537329693,6348.010000000000,0.131001790000
1537329701,6348.010000000000,0.015205920000
1537329702,6348.010000000000,0.269287130000
1537329704,6348.010000000000,0.015205920000
1537329711,6348.010000000000,0.007525370000
1537329711,6348.010000000000,0.018840860000
1537329711,6348.000000000000,0.080357680000
1537329712,6348.010000000000,0.003685100000
1537329715,6348.010000000000,0.004400000000
1537329717,6348.000000000000,0.001836820000
1537329717,6348.000000000000,0.133667360000
1537329717,6348.000000000000,0.107311390000
1537329717,6348.000000000000,0.014285710000
1537329717,6348.000000000000,2.878402900000
1537329717,6348.000000000000,3.000000000000
1537329718,6348.000000000000,1.048000000000
1537329721,6348.010000000000,0.087952760000
1537329724,6348.010000000000,0.002901370000
1537329728,6348.000000000000,0.006807830000
1537329728,6348.010000000000,0.004703950000
1537329730,6348.000000000000,8.326800000000
1537329732,6348.010000000000,0.030146950000
1537329733,6348.010000000000,0.002901370000
1537329741,6348.010000000000,0.005330930000
1537329742,6348.010000000000,0.150731610000
1537329742,6348.000000000000,0.016305540000
1537329750,6348.010000000000,0.001960890000
1537329754,6348.010000000000,0.003860650000
1537329755,6348.010000000000,0.004390450000
1537329756,6348.010000000000,0.015072690000
1537329758,6348.010000000000,0.003685100000
1537329758,6348.010000000000,0.045219640000
1537329759,6348.000000000000,0.045800000000
1537329772,6348.000000000000,0.003700000000
1537329778,6348.010000000000,0.018389440000
1537329782,6348.010000000000,0.045219640000
1537329782,6348.010000000000,0.001567460000
1537329784,6348.000000000000,0.064722250000
1537329784,6348.010000000000,0.064900000000
1537329786,6348.010000000000,0.016279630000
1537329787,6348.000000000000,0.134141330000
1537329792,6348.010000000000,0.007525370000
1537329793,6348.010000000000,0.078500000000
1537329796,6348.000000000000,0.001583220000
1537329797,6348.010000000000,0.005800000000
1537329800,6348.010000000000,0.003134920000
1537329801,6348.010000000000,0.060292330000
1537329806,6348.010000000000,0.003214860000
1537329807,6348.010000000000,0.021102710000
1537329807,6348.000000000000,0.194466350000
1537329809,6348.000000000000,0.222000000000
1537329812,6348.010000000000,0.256243580000
1537329819,6348.000000000000,0.004032450000
1537329823,6348.010000000000,0.015072690000
1537329835,6348.010000000000,0.007525370000
1537329835,6348.010000000000,0.002587880000
1537329836,6348.010000000000,0.077222460000
1537329841,6348.010000000000,0.152239510000
1537329844,6348.000000000000,0.023885430000
1537329844,6348.000000000000,0.663688250000
1537329847,6348.010000000000,0.010896980000
1537329848,6348.010000000000,0.004390450000
1537329848,6348.010000000000,0.002901370000
1537329848,6348.010000000000,0.038611230000
1537329852,6348.010000000000,0.015072690000
1537329853,6348.010000000000,0.078529250000
1537329855,6348.000000000000,0.006300000000
1537329861,6348.010000000000,0.001412280000
1537329863,6348.010000000000,0.008152360000
1537329865,6348.010000000000,0.030880520000
1537329866,6348.000000000000,0.017700000000
1537329872,6348.000000000000,0.312383630000
1537329873,6348.000000000000,0.001583220000
1537329876,6348.000000000000,0.001100000000
1537329876,6348.010000000000,0.026473970000
1537329883,6348.010000000000,0.015072690000
1537329892,6348.010000000000,0.030880520000
1537329893,6348.010000000000,0.037683290000
1537329893,6348.000000000000,0.033750990000
1537329894,6348.010000000000,0.015205920000
1537329894,6348.010000000000,0.001412280000
1537329898,6348.000000000000,0.087700000000
1537329899,6348.010000000000,0.004547200000
1537329902,6348.010000000000,0.056630000000
1537329906,6348.010000000000,0.015205920000
1537329910,6348.000000000000,0.392425200000
1537329911,6348.010000000000,0.016580590000
1537329912,6348.000000000000,8.483368710000
1537329912,6348.000000000000,0.006419250000
1537329912,6348.000000000000,0.010000000000
1537329912,6348.000000000000,0.037186520000
1537329912,6348.000000000000,0.006419250000
1537329912,6348.000000000000,0.100000000000
1537329912,6348.000000000000,0.006419250000
1537329912,6348.000000000000,0.157600000000
1537329912,6348.000000000000,0.006419250000
1537329912,6347.980000000000,0.011027130000
1537329912,6347.960000000000,1.247769680000
1537329912,6347.470000000000,0.001000000000
1537329912,6347.360000000000,0.992538630000
1537329912,6347.360000000000,0.116989460000
1537329912,6347.360000000000,0.295949350000
1537329912,6347.360000000000,0.081216770000
1537329912,6347.190000000000,0.001500000000
1537329912,6347.170000000000,0.015755040000
1537329912,6346.730000000000,0.010000000000
1537329912,6346.490000000000,1.000000000000
1537329912,6346.010000000000,0.001000000000
1537329912,6345.940000000000,0.001000000000
1537329912,6345.800000000000,0.001000000000
1537329912,6345.700000000000,0.001000000000
1537329912,6345.390000000000,0.001000000000
1537329912,6344.000000000000,0.015762920000
1537329912,6343.870000000000,0.001000000000
1537329912,6343.580000000000,0.100000000000
1537329912,6342.600000000000,0.001000000000
1537329912,6342.520000000000,0.001000000000
1537329912,6342.010000000000,0.001000000000
1537329912,6341.820000000000,0.015768340000
1537329912,6340.920000000000,1.000000000000
1537329912,6340.830000000000,0.015770810000
1537329912,6340.400000000000,0.001000000000
1537329912,6340.400000000000,0.682980000000
1537329912,6340.370000000000,0.200000000000
1537329912,6340.000000000000,1.000000000000
1537329912,6339.500000000000,0.001000000000
1537329912,6339.350000000000,0.010081060000
1537329912,6338.700000000000,0.001000000000
1537329912,6338.580000000000,0.367256140000
1537329912,6338.580000000000,0.019796300000
1537329918,6338.590000000000,0.001294720000
1537329928,6338.590000000000,0.001549380000
1537329928,6338.590000000000,0.003674880000
1537329936,6338.590000000000,0.001414380000
1537329943,6338.580000000000,0.016800000000
1537329947,6338.590000000000,0.018868860000
1537329956,6338.580000000000,0.018800000000
1537329957,6338.590000000000,0.019153000000
1537329962,6338.590000000000,0.001569790000
1537329967,6338.580000000000,0.001600000000
1537329968,6338.590000000000,0.038668610000
1537329968,6338.590000000000,0.001414380000
1537329971,6338.580000000000,0.055497010000
1537329971,6338.580000000000,0.029507430000
1537329986,6338.590000000000,0.018868860000
1537329997,6338.590000000000,0.113216320000
1537329999,6338.590000000000,0.015095090000
1537330002,6338.580000000000,0.122700000000
1537330013,6338.590000000000,0.002120780000
1537330013,6338.590000000000,0.002905680000
1537330014,6338.590000000000,0.010833110000
1537330014,6338.580000000000,0.010800000000
1537330018,6338.590000000000,0.078497300000
1537330020,6338.580000000000,0.001335360000
1537330023,6338.580000000000,0.048978200000
1537330024,6338.580000000000,0.018400610000
1537330026,6338.590000000000,0.070266890000
1537330026,6338.580000000000,0.225600000000
1537330028,6338.590000000000,0.002905680000
1537330028,6338.590000000000,0.038668610000
1537330032,6338.590000000000,0.003690570000
1537330036,6338.590000000000,0.005966770000
1537330037,6338.590000000000,0.078497300000
1537330037,6338.590000000000,0.021012880000
1537330039,6338.590000000000,0.020722780000
1537330039,6338.590000000000,0.007400000000
1537330044,6338.590000000000,0.007536560000
1537330045,6338.590000000000,0.001571360000
1537330048,6338.590000000000,0.007536560000
1537330049,6338.590000000000,0.031395780000
1537330049,6338.590000000000,0.001963810000
1537330050,6338.590000000000,0.018700000000
1537330051,6338.590000000000,0.006895570000
1537330053,6338.590000000000,0.006751660000
1537330055,6338.590000000000,0.031395780000
1537330056,6338.590000000000,0.010001130000
1537330062,6338.590000000000,0.002000000000
1537330064,6338.590000000000,0.022642640000
1537330065,6338.590000000000,0.002905680000
1537330067,6338.590000000000,0.043790050000
1537330067,6338.590000000000,0.002277760000
1537330070,6338.590000000000,0.006280730000
1537330073,6338.580000000000,0.006300000000
1537330075,6338.590000000000,0.039244720000
1537330075,6338.590000000000,0.010676130000
1537330081,6338.590000000000,0.039501000000
1537330081,6338.590000000000,0.001414380000
1537330081,6338.590000000000,0.077337220000
1537330086,6338.590000000000,0.002817770000
1537330086,6338.590000000000,0.022517050000
1537330088,6338.590000000000,0.015095090000
1537330095,6338.590000000000,0.060381930000
1537330095,6338.590000000000,0.015095090000
1537330096,6338.590000000000,0.002900000000
1537330103,6338.590000000000,0.003219640000
1537330105,6338.590000000000,0.007536560000
1537330108,6338.590000000000,0.029100000000
1537330116,6338.580000000000,0.026402880000
1537330117,6338.590000000000,0.004396980000
1537330123,6338.590000000000,0.004876040000
1537330125,6338.590000000000,0.004553960000
1537330129,6338.590000000000,0.232011670000
1537330134,6338.580000000000,0.080159750000
1537330136,6338.590000000000,0.015055930000
1537330136,6338.590000000000,0.008372100000
1537330136,6338.590000000000,0.129792790000
1537330138,6338.590000000000,0.027109390000
1537330140,6338.590000000000,0.022642640000
1537330144,6338.580000000000,0.022400000000
1537330146,6338.590000000000,0.001492870000
1537330146,6338.590000000000,0.001414380000
1537330148,6338.590000000000,0.008321450000
1537330152,6338.590000000000,0.049400000000
1537330153,6338.590000000000,0.190577870000
1537330153,6338.590000000000,0.238687700000
1537330153,6338.590000000000,0.030000000000
1537330153,6338.590000000000,0.115029400000
1537330153,6338.590000000000,0.117199770000
1537330153,6338.590000000000,0.081875930000
1537330157,6338.580000000000,0.049400000000
1537330159,6338.590000000000,0.031421890000
1537330161,6338.580000000000,0.482964090000
1537330161,6338.590000000000,0.001569790000
1537330161,6338.590000000000,0.015467130000
1537330164,6338.590000000000,0.154674450000
1537330168,6338.580000000000,0.015500000000
1537330169,6338.590000000000,0.003219640000
1537330170,6338.590000000000,0.061870090000
1537330179,6338.590000000000,0.011304050000
1537330180,6338.590000000000,0.002120780000
1537330182,6338.590000000000,0.011304050000
1537330190,6338.580000000000,0.010300000000
1537330194,6338.590000000000,0.022763510000
1537330198,6338.590000000000,0.001414380000
1537330209,6338.590000000000,0.015095090000
1537330210,6338.590000000000,0.099491360000
1537330210,6338.590000000000,0.010000000000
1537330210,6338.590000000000,0.511630820000
1537330219,6338.580000000000,0.006425450000
1537330219,6338.580000000000,0.012728210000
1537330220,6338.590000000000,0.047683940000
1537330220,6338.580000000000,0.001557500000
1537330220,6338.580000000000,0.006336310000
1537330226,6338.590000000000,0.061084570000
1537330226,6338.590000000000,0.054921270000
1537330227,6338.590000000000,0.002120780000
1537330229,6338.590000000000,0.002905680000
1537330236,6338.590000000000,0.015056240000
1537330236,6338.810000000000,0.015135090000
1537330237,6338.800000000000,0.029500000000
1537330246,6338.810000000000,0.001414330000
1537330247,6338.810000000000,0.001000000000
1537330249,6338.810000000000,0.019800000000
1537330256,6338.810000000000,0.018023690000
1537330258,6338.810000000000,0.004396830000
1537330264,6338.810000000000,0.003690450000
1537330266,6338.800000000000,0.006428560000
1537330266,6338.800000000000,0.130000000000
1537330266,6338.800000000000,0.000242680000
1537330267,6338.810000000000,0.030925340000
1537330267,6338.810000000000,0.061867950000
1537330268,6338.810000000000,0.014793180000
1537330268,6338.810000000000,0.045285270000
1537330269,6338.810000000000,0.003690450000
1537330273,6338.800000000000,0.009757320000
1537330273,6338.800000000000,0.010000000000
1537330273,6338.800000000000,0.010000000000
1537330273,6338.800000000000,0.010000000000
1537330273,6338.580000000000,0.019842680000
1537330276,6338.590000000000,0.001414330000
1537330284,6338.590000000000,0.113212390000
1537330286,6338.590000000000,0.038300000000
1537330287,6338.590000000000,0.015094570000
1537330291,6338.590000000000,0.011304050000
1537330292,6338.580000000000,0.086334270000
1537330293,6338.590000000000,0.003924470000
1537330297,6338.580000000000,0.087486740000
1537330297,6338.580000000000,0.006428790000
1537330297,6338.580000000000,0.068284470000
1537330304,6338.590000000000,0.007547550000
1537330305,6338.590000000000,0.001414380000
1537330308,6338.590000000000,0.056095720000
1537330310,6338.580000000000,0.006800000000
1537330323,6338.590000000000,0.023077470000
1537330325,6338.590000000000,0.002905680000
1537330328,6338.590000000000,0.007848940000
1537330329,6338.590000000000,0.037739300000
1537330331,6338.590000000000,0.011774990000
1537330342,6338.590000000000,0.005966770000
1537330346,6338.590000000000,0.188750300000
1537330349,6338.590000000000,0.015697890000
1537330350,6338.590000000000,0.015095090000
1537330358,6338.580000000000,0.014900000000
1537330362,6338.590000000000,0.045286840000
1537330370,6338.580000000000,0.045300000000
1537330372,6338.590000000000,0.001550000000
1537330372,6338.590000000000,0.004729770000
1537330372,6338.580000000000,0.864715530000
1537330372,6338.580000000000,0.006428790000
1537330372,6338.580000000000,0.710946790000
1537330374,6338.590000000000,0.015850160000
1537330378,6338.590000000000,0.023006500000
1537330380,6338.590000000000,0.031395780000
1537330380,6338.590000000000,0.007848940000
1537330382,6338.590000000000,0.011304050000
1537330382,6338.580000000000,0.011300000000
1537330382,6338.590000000000,0.007536560000
1537330384,6338.580000000000,0.001000000000
1537330393,6338.580000000000,0.061516880000
1537330395,6338.580000000000,0.025100000000
1537330399,6338.590000000000,0.001414380000
1537330402,6338.590000000000,0.007536560000
1537330404,6338.590000000000,0.019937890000
1537330413,6338.580000000000,0.318289630000
1537330413,6338.580000000000,0.006428790000
1537330413,6338.580000000000,0.089471480000
1537330422,6338.590000000000,0.030100000000
1537330422,6338.590000000000,0.002748700000
1537330431,6338.590000000000,0.059700000000
1537330439,6338.590000000000,0.016798310000
1537330439,6338.590000000000,0.006280730000
1537330439,6338.590000000000,0.003139580000
1537330442,6338.590000000000,0.002120780000
1537330442,6338.590000000000,0.154674450000
1537330443,6338.590000000000,0.024647260000
1537330443,6338.580000000000,0.024600000000
1537330444,6338.590000000000,0.004396980000
1537330446,6338.590000000000,0.022642640000
1537330450,6338.590000000000,0.005181870000
1537330454,6338.590000000000,0.049400000000
1537330454,6338.590000000000,0.024800000000
1537330454,6338.590000000000,0.052164290000
1537330456,6338.590000000000,0.005024890000
1537330460,6338.580000000000,0.014038070000
1537330461,6338.590000000000,0.154674450000
1537330462,6338.580000000000,0.007135060000
1537330467,6338.590000000000,0.098052160000
1537330467,6338.580000000000,0.049400000000
1537330470,6338.590000000000,0.045286840000
1537330477,6338.580000000000,0.052164290000
1537330477,6338.590000000000,0.007864590000
1537330483,6338.590000000000,0.002905680000
1537330484,6338.580000000000,0.033950190000
1537330485,6338.590000000000,0.012831460000
1537330486,6338.590000000000,0.123740190000
1537330487,6338.580000000000,0.002116730000
1537330490,6338.590000000000,0.078883470000
1537330491,6338.590000000000,0.003350310000
1537330493,6338.590000000000,0.016817620000
1537330494,6338.590000000000,0.049400000000
1537330499,6338.590000000000,0.003219640000
1537330508,6338.590000000000,0.028571730000
1537330508,6338.590000000000,0.007536560000
1537330509,6338.590000000000,0.016605230000
1537330514,6338.590000000000,0.001300000000
1537330515,6338.590000000000,0.022642640000
1537330519,6338.580000000000,0.067543620000
1537330520,6338.590000000000,0.031700320000
1537330522,6338.580000000000,0.094679040000
1537330523,6338.590000000000,0.015697890000
1537330525,6338.590000000000,0.010380810000
1537330527,6338.590000000000,0.002905680000
1537330537,6338.590000000000,0.027900000000
1537330538,6338.580000000000,0.188682620000
1537330538,6338.590000000000,0.007536560000
1537330541,6338.580000000000,0.001729910000
1537330544,6338.590000000000,0.003200000000
1537330545,6338.590000000000,0.003455110000
1537330546,6338.590000000000,0.015228520000
1537330547,6338.580000000000,0.003200000000
1537330548,6338.590000000000,0.001414380000
1537330551,6338.590000000000,0.008949370000
1537330556,6338.590000000000,0.033965520000
1537330558,6338.580000000000,0.001498880000
1537330558,6338.580000000000,0.006428790000
1537330558,6338.580000000000,0.010000000000
1537330558,6338.580000000000,0.006428790000
1537330558,6338.580000000000,0.006428790000
1537330558,6338.580000000000,0.055414750000
1537330558,6338.580000000000,0.023467270000
1537330558,6338.580000000000,0.006428790000
1537330558,6338.570000000000,0.001001100000
1537330558,6338.550000000000,0.004945340000
1537330561,6338.560000000000,0.016605230000
1537330565,6338.560000000000,0.003847550000
1537330566,6338.550000000000,0.049152700000
1537330569,6338.560000000000,0.004880020000
1537330572,6338.560000000000,0.129431280000
1537330573,6338.560000000000,0.001000000000
1537330573,6338.560000000000,0.673286540000
1537330573,6338.580000000000,0.001000000000
1537330573,6338.590000000000,0.001000000000
1537330573,6338.600000000000,0.026453350000
1537330573,6338.800000000000,0.001000000000
1537330573,6338.810000000000,0.001000000000
1537330573,6338.810000000000,0.028532650000
1537330573,6338.810000000000,0.927656840000
1537330574,6339.110000000000,0.001000000000
1537330574,6339.290000000000,0.085300000000
1537330575,6339.290000000000,0.104120000000
1537330575,6339.990000000000,0.010580000000
1537330575,6340.000000000000,0.001000000000
1537330575,6340.000000000000,0.050000000000
1537330575,6340.000000000000,0.001673550000
1537330575,6340.580000000000,0.014848270000
1537330575,6340.580000000000,0.036598180000
1537330576,6340.580000000000,0.075643180000
1537330576,6340.580000000000,0.062628000000
1537330576,6340.580000000000,0.019623440000
1537330577,6340.580000000000,0.007536590000
1537330578,6340.580000000000,0.027904160000
1537330580,6340.580000000000,0.105668780000
1537330582,6340.580000000000,0.033210610000
1537330583,6340.580000000000,0.015699530000
1537330583,6340.580000000000,0.067082820000
1537330584,6340.580000000000,0.386687950000
1537330586,6340.570000000000,0.105700000000
1537330587,6340.580000000000,0.001091760000
1537330587,6340.580000000000,0.004314860000
1537330587,6340.580000000000,0.013080660000
1537330589,6340.580000000000,0.002904770000
1537330589,6340.580000000000,0.006926400000
1537330591,6340.570000000000,0.003246760000
1537330591,6340.580000000000,0.035013140000
1537330592,6340.580000000000,0.023681320000
1537330592,6340.580000000000,0.009420680000
1537330593,6340.580000000000,0.003920000000
1537330596,6341.100000000000,0.200000000000
1537330597,6341.110000000000,0.001000000000
1537330597,6341.860000000000,0.026481400000
1537330599,6341.860000000000,0.024889600000
1537330605,6341.860000000000,0.002119690000
1537330608,6341.860000000000,0.168089490000
1537330608,6341.860000000000,0.025649680000
1537330609,6341.860000000000,0.024955640000
1537330609,6341.860000000000,0.020606190000
1537330609,6341.860000000000,0.083582500000
1537330609,6341.860000000000,0.002300000000
1537330624,6341.860000000000,0.002119690000
1537330628,6341.850000000000,0.193344340000
1537330642,6341.860000000000,0.023065570000
1537330642,6341.850000000000,0.001000000000
1537330642,6341.850000000000,0.010000000000
1537330642,6341.110000000000,0.001000000000
1537330645,6341.110000000000,0.060350800000
1537330649,6341.110000000000,0.041520000000
1537330650,6341.100000000000,0.395966860000
1537330650,6340.580000000000,0.001000000000
1537330650,6340.570000000000,0.006426770000
1537330650,6340.310000000000,0.200000000000
1537330650,6339.830000000000,0.010000000000
1537330650,6339.380000000000,0.268806370000
1537330650,6339.390000000000,0.030914120000
1537330655,6339.380000000000,0.015900000000
1537330659,6339.380000000000,0.473588880000
1537330664,6339.390000000000,0.071963480000
1537330667,6339.390000000000,0.002400000000
1537330670,6339.390000000000,0.773273080000
1537330673,6339.380000000000,0.067844250000
1537330680,6339.390000000000,0.002120520000
1537330680,6339.380000000000,0.002259180000
1537330680,6339.380000000000,0.006427970000
1537330689,6338.560000000000,0.016500000000
1537330697,6338.560000000000,0.015095160000
1537330700,6338.560000000000,0.077337590000
1537330701,6338.560000000000,0.004444170000
1537330712,6338.560000000000,0.002004400000
1537330712,6338.560000000000,0.001200000000
1537330712,6338.560000000000,0.092402010000
1537330713,6338.560000000000,0.007850550000
1537330714,6338.560000000000,0.015548830000
1537330719,6338.560000000000,0.011368940000
1537330719,6338.560000000000,0.021836490000
1537330719,6338.560000000000,0.035491800000
1537330719,6338.550000000000,0.006519660000
1537330722,6338.560000000000,0.002208240000
1537330727,6339.380000000000,0.007536590000
1537330727,6339.370000000000,0.362789930000
1537330743,6339.380000000000,0.007535620000
1537330744,6339.370000000000,0.006427980000
1537330744,6339.360000000000,0.001301390000
1537330744,6338.850000000000,0.001000000000
1537330744,6338.550000000000,0.039224930000
1537330744,6338.550000000000,0.064433300000
1537330744,6338.010000000000,0.001000000000
1537330744,6338.000000000000,0.030000000000
1537330744,6337.660000000000,0.015778700000
1537330744,6337.500000000000,0.002000000000
1537330744,6336.560000000000,0.200298210000
1537330747,6336.400000000000,0.001000000000
1537330747,6336.400000000000,0.003030010000
1537330750,6336.410000000000,0.030202140000
1537330755,6336.400000000000,0.001583180000
1537330755,6335.520000000000,0.001000000000
1537330755,6335.480000000000,0.015784120000
1537330755,6335.000000000000,0.036915220000
1537330756,6335.010000000000,0.001650420000
1537330759,6335.010000000000,0.020967460000
1537330761,6335.000000000000,0.030200000000
1537330762,6335.010000000000,0.002907320000
1537330766,6335.000000000000,0.001586460000
1537330766,6335.010000000000,0.001570680000
1537330768,6335.010000000000,0.003692660000
1537330769,6335.010000000000,0.002329130000
1537330769,6335.010000000000,0.015103620000
1537330773,6335.000000000000,0.015100000000
1537330775,6335.010000000000,0.015859120000
1537330775,6335.000000000000,0.023003730000
1537330786,6335.010000000000,0.019265600000
1537330787,6335.010000000000,0.135981000000
1537330788,6335.010000000000,0.018879530000
1537330792,6335.010000000000,0.005970140000
1537330792,6335.010000000000,0.003221460000
1537330796,6335.010000000000,0.105728490000
1537330798,6335.010000000000,0.003692660000
1537330798,6335.010000000000,0.019163820000
1537330803,6335.010000000000,0.001415180000
1537330805,6335.010000000000,0.014765930000
1537330815,6335.010000000000,0.005970140000
1537330821,6335.010000000000,0.008797360000
1537330821,6335.000000000000,0.005800000000
1537330821,6335.010000000000,0.035797280000
1537330825,6335.010000000000,0.003692660000
1537330830,6335.000000000000,0.009720270000
1537330830,6335.010000000000,0.005184800000
1537330833,6335.000000000000,0.003700000000
1537330835,6335.010000000000,0.077380930000
1537330837,6335.010000000000,0.013594200000
1537330846,6335.010000000000,0.001022510000
1537330856,6335.000000000000,0.176400000000
1537330856,6335.000000000000,0.329172120000
1537330856,6335.000000000000,0.050039470000
1537330856,6335.000000000000,0.002638360000
1537330856,6335.000000000000,0.006432420000
1537330856,6335.000000000000,0.007684490000
1537330858,6335.000000000000,0.006601220000
1537330858,6334.660000000000,0.001000000000
1537330858,6334.490000000000,0.015786590000
1537330858,6334.470000000000,0.001000000000
1537330858,6333.690000000000,0.050000000000
1537330858,6333.670000000000,0.090192450000
1537330859,6333.340000000000,0.019744240000
1537330866,6333.340000000000,0.030943890000
1537330872,6333.340000000000,0.001415550000
1537330872,6333.340000000000,0.015710900000
1537330873,6333.340000000000,0.003869600000
1537330873,6333.330000000000,0.010156050000
1537330878,6333.330000000000,0.014843950000
1537330878,6333.330000000000,0.002148280000
1537330878,6333.300000000000,0.001000000000
1537330878,6333.300000000000,0.001434760000
1537330878,6331.890000000000,0.005899820000
1537330878,6331.880000000000,0.025000000000
1537330878,6331.810000000000,0.129373190000
1537330879,6331.810000000000,0.013286970000
1537330883,6331.820000000000,0.007544620000
1537330883,6331.820000000000,0.103722310000
1537330891,6331.820000000000,0.007544620000
1537330892,6331.810000000000,0.146800000000
1537330893,6331.820000000000,0.063468430000
1537330893,6331.820000000000,0.007544620000
1537330894,6331.820000000000,0.015776430000
1537330901,6331.820000000000,0.012400000000
1537330903,6331.820000000000,0.035601560000
1537330906,6331.820000000000,0.003936500000
1537330907,6331.810000000000,0.001022970000
1537330909,6331.820000000000,0.001415890000
1537330910,6331.820000000000,0.010004710000
1537330915,6331.810000000000,0.104200000000
1537330919,6331.820000000000,0.015244810000
1537330921,6331.820000000000,0.004087390000
1537330923,6331.820000000000,0.010374850000
1537330924,6331.820000000000,0.027199600000
1537330927,6331.820000000000,0.016400000000
1537330941,6331.820000000000,0.012845170000
1537330942,6331.810000000000,0.007904210000
1537330945,6331.820000000000,0.015867110000
1537330946,6331.820000000000,0.031432490000
1537330952,6331.810000000000,0.012900000000
1537330962,6331.820000000000,0.021000000000
1537330965,6331.810000000000,0.560000000000
1537330969,6331.820000000000,0.012769740000
1537330971,6331.820000000000,0.014773370000
1537330971,6331.810000000000,0.070220000000
1537330974,6331.820000000000,0.018134730000
1537330975,6331.820000000000,0.015111230000
1537330978,6331.810000000000,0.008729950000
1537330984,6331.810000000000,0.014400000000
1537330988,6331.820000000000,0.030959480000
1537330989,6331.820000000000,0.046452580000
1537330992,6331.820000000000,0.030224030000
1537330999,6331.820000000000,0.021245640000
1537331008,6331.820000000000,0.016400000000
1537331014,6331.820000000000,0.007230320000
1537331020,6331.820000000000,0.218700000000
1537331021,6331.810000000000,0.013021480000
1537331023,6331.820000000000,0.004401680000
1537331025,6331.820000000000,0.005187410000
1537331028,6331.820000000000,0.031492010000
1537331034,6331.820000000000,0.062000000000
1537331045,6331.820000000000,0.001808760000
1537331056,6331.810000000000,0.617228260000
1537331063,6331.820000000000,0.003694520000
1537331064,6331.820000000000,0.002908790000
1537331068,6331.820000000000,0.003149200000
1537331069,6331.820000000000,0.007544620000
1537331073,6331.810000000000,0.016205070000
1537331074,6331.820000000000,0.002594490000
1537331084,6331.820000000000,0.003694520000
1537331090,6331.820000000000,0.075559300000
1537331090,6331.820000000000,0.045335260000
1537331091,6331.810000000000,0.346658360000
1537331095,6331.820000000000,0.004558830000
1537331096,6331.820000000000,0.011786010000
1537331096,6331.820000000000,0.038709960000
1537331100,6331.820000000000,0.154839830000
1537331105,6331.820000000000,0.003694520000
1537331105,6331.820000000000,0.001574600000
1537331110,6331.820000000000,0.010844700000
1537331110,6331.820000000000,0.100142420000
1537331110,6331.820000000000,0.054697410000
1537331111,6331.810000000000,0.154000000000
1537331116,6331.820000000000,0.002594490000
1537331116,6331.820000000000,0.021530670000
1537331118,6331.820000000000,0.200000000000
1537331118,6331.820000000000,0.003930240000
1537331123,6331.820000000000,0.154800000000
1537331126,6331.810000000000,0.023622050000
1537331130,6331.810000000000,0.008120440000
1537331132,6331.820000000000,0.060446490000
1537331132,6331.820000000000,1.301500700000
1537331132,6331.820000000000,0.120151150000
1537331132,6331.820000000000,0.123398480000
1537331132,6331.820000000000,0.748000000000
1537331132,6331.820000000000,0.050000000000
1537331132,6331.820000000000,0.117491270000
1537331133,6333.000000000000,0.001000000000
1537331133,6333.300000000000,0.001000000000
1537331133,6333.340000000000,0.001815450000
1537331133,6333.460000000000,0.001184040000
1537331133,6333.510000000000,0.539458400000
1537331133,6333.510000000000,0.460541600000
1537331133,6333.510000000000,0.525000000000
1537331134,6333.850000000000,0.039438080000
1537331139,6333.860000000000,0.001000000000
1537331139,6333.860000000000,0.002446830000
1537331139,6334.000000000000,0.001000000000
1537331139,6334.050000000000,0.001000000000
1537331139,6334.990000000000,0.040000000000
1537331139,6335.000000000000,0.001000000000
1537331139,6335.010000000000,0.002919820000
1537331139,6335.010000000000,0.001972690000
1537331139,6335.010000000000,0.002130850000
1537331139,6335.020000000000,0.002762130000
1537331139,6335.030000000000,0.002604370000
1537331139,6335.040000000000,0.002920170000
1537331139,6335.050000000000,0.002288590000
1537331139,6335.060000000000,0.001815050000
1537331139,6335.090000000000,0.001972780000
1537331139,6335.100000000000,0.002446590000
1537331139,6335.110000000000,0.002446440000
1537331139,6335.120000000000,0.002919770000
1537331139,6335.130000000000,0.001183710000
1537331139,6335.140000000000,0.001183860000
1537331139,6335.140000000000,0.010000000000
1537331139,6335.150000000000,0.003078040000
1537331139,6335.160000000000,0.001183720000
1537331139,6335.170000000000,0.002130680000
1537331139,6335.180000000000,0.001657140000
1537331139,6335.190000000000,0.001183410000
1537331139,6335.200000000000,0.001341430000
1537331139,6335.210000000000,0.001972860000
1537331139,6335.220000000000,0.001657390000
1537331139,6335.230000000000,0.200000000000
1537331139,6335.300000000000,0.002761840000
1537331139,6335.320000000000,0.218378200000
1537331144,6335.310000000000,0.012636900000
1537331146,6335.320000000000,0.027999880000
1537331152,6335.320000000000,0.003692480000
1537331152,6335.320000000000,0.008955370000
1537331157,6335.320000000000,0.012900000000
1537331167,6335.320000000000,0.023089380000
1537331169,6335.310000000000,0.017500000000
1537331171,6335.320000000000,0.018124720000
1537331171,6335.320000000000,0.007226330000
1537331172,6335.320000000000,0.035195140000
1537331176,6335.320000000000,0.001570600000
1537331190,6335.320000000000,0.015236380000
1537331202,6335.320000000000,0.008766160000
1537331202,6335.320000000000,0.002751080000
1537331202,6335.320000000000,0.001657060000
1537331202,6335.320000000000,0.100100460000
1537331203,6335.320000000000,0.005367630000
1537331203,6335.630000000000,0.001657220000
1537331203,6335.640000000000,0.002288380000
1537331203,6335.650000000000,0.002130400000
1537331203,6335.660000000000,0.002288390000
1537331203,6335.670000000000,0.002604020000
1537331203,6335.990000000000,0.001183660000
1537331203,6336.150000000000,0.001972460000
1537331203,6336.160000000000,0.001183550000
1537331203,6336.170000000000,0.001499030000
1537331203,6336.370000000000,0.004256870000
1537331203,6336.370000000000,0.015061940000
1537331205,6336.370000000000,0.038600000000
1537331206,6336.370000000000,0.002092440000
1537331208,6336.380000000000,0.001972500000
1537331208,6336.380000000000,0.001997350000
1537331208,6336.400000000000,0.000900580000
1537331208,6336.400000000000,0.000099420000
1537331208,6336.580000000000,0.002288110000
1537331208,6336.590000000000,0.002288090000
1537331208,6336.860000000000,0.001972540000
1537331208,6336.870000000000,0.000892290000
1537331216,6336.870000000000,0.000290810000
1537331216,6336.880000000000,0.001183260000
1537331216,6336.890000000000,0.001972440000
1537331216,6336.900000000000,0.002919400000
1537331216,6336.910000000000,0.001183180000
1537331216,6336.910000000000,0.001000000000
1537331216,6336.920000000000,0.002919130000
1537331216,6336.920000000000,0.001498680000
1537331216,6336.930000000000,0.003076850000
1537331216,6336.940000000000,0.002761290000
1537331216,6336.950000000000,0.001814610000
1537331216,6336.960000000000,0.001341300000
1537331216,6336.970000000000,0.002919130000
1537331216,6336.980000000000,0.002603420000
1537331216,6336.990000000000,0.001656750000
1537331216,6337.000000000000,0.007859750000
1537331218,6336.990000000000,0.053960430000
1537331218,6337.000000000000,0.016835730000
1537331223,6336.990000000000,0.173473360000
1537331226,6337.000000000000,0.011806200000
1537331228,6336.990000000000,0.157781420000
1537331228,6337.000000000000,0.013498320000
1537331228,6337.000000000000,0.001000000000
1537331228,6337.000000000000,0.140214940000
1537331236,6337.000000000000,0.077356630000
1537331236,6336.990000000000,0.010000000000
1537331236,6336.990000000000,0.008374200000
1537331237,6336.870000000000,0.238065160000
1537331246,6336.870000000000,0.025669350000
1537331250,6336.870000000000,0.015232340000
1537331251,6336.870000000000,0.022162020000
1537331251,6336.860000000000,0.029722800000
1537331251,6336.870000000000,0.001525540000
1537331253,6336.860000000000,0.158599860000
1537331253,6336.870000000000,0.001544840000
1537331255,6336.870000000000,0.001577690000
1537331260,6336.870000000000,0.005968390000
1537331262,6336.870000000000,0.001414760000
1537331269,6336.870000000000,0.033100000000
1537331270,6336.870000000000,0.001414760000
1537331279,6336.870000000000,0.080928540000
